2862 4668
584 313 795 375 -57,-

122 504 190 544 non
213 479 253 544 de
276 477 357 543 κατὰ
381 502 492 566 praep.
517 503 661 567 apocope
685 505 743 547 suo
767 481 840 547 loco
864 481 1070 546 disseremus.
1116 478 1245 562 φότευε,

124 581 213 667 quod
240 581 363 668 Bergk.
391 582 443 646 tit.
472 581 549 647 Arc.
579 607 610 668 p.
634 583 702 647 VH
729 588 862 648 nostrae
894 581 1036 647 dialecto
1063 581 1246 644 rectissime

123 685 314 770 imputavit,
337 706 396 768 pro
419 683 509 770 vulg.
529 685 648 768 φύτευε
672 708 692 749 a
713 685 782 750 rad.
805 686 873 751 bho
897 683 1092 768 (01111285)
1117 681 1248 746 descen-

125 786 184 867 dit,
216 809 300 871 quae
328 787 362 849 in
389 777 497 852 boeot.
527 793 623 870 qoic'
651 784 780 852 Oorinn.
810 790 848 851 fr.
873 791 911 850 21
939 816 982 843 =
1010 793 1109 870 φῦσα,
1137 783 1246 848 alban.

126 913 210 973 pour
228 889 391 973 „infigere
414 889 585 970 inserere“,
609 890 737 973 φούτεμ
764 911 819 970 „se
841 888 970 968 abdere,
999 889 1161 973 irrepere“
1184 907 1248 949 ser-

127 997 236 1056 vatur:
266 1013 330 1075 qua
358 989 397 1054 de
424 991 569 1055 notionis
598 997 692 1078 trope
714 990 857 1058 Albanis
889 992 972 1056 satis
995 990 1159 1075 frequenti
1181 986 1247 1053 vid.

127 1091 276 1158 Camard.
294 1093 321 1173 I,
347 1094 406 1157 131
431 1115 478 1176 sq.
522 1093 678 1158 Eandem
700 1093 769 1158 rad.
798 1094 866 1159 bhs
893 1095 927 1158 in
953 1093 1012 1159 bhi
1035 1095 1248 1156 extenuatam

125 1197 212 1260 infra
235 1195 485 1260 observabimus
504 1200 537 1260 et
553 1218 641 1282 cypr.
662 1195 778 1280 φιτρός
797 1201 830 1260 et
848 1195 958 1262 alban.
982 1194 1101 1279 φιτόιγ,
1126 1192 1247 1258 calabr.

124 1297 209 1362 fides
223 1327 265 1352 =
279 1295 417 1380 φυτεύω.
434 1335 469 1344 -
492 1297 584 1374 Quae
608 1321 680 1363 cum
702 1301 785 1364 bene
808 1320 843 1362 se
865 1299 1020 1377 habeant,
1044 1319 1161 1361 caussa
1183 1318 1249 1359 non

125 1398 221 1463 adest
243 1421 299 1464 cur
321 1399 590 1464 Hemsterhusius
613 1383 776 1486 probante
798 1399 987 1465 Sahellario
1009 1424 1040 1485 p.
1060 1401 1120 1464 206
1144 1401 1248 1461 muta·
1272 1459 1274 1463 .

125 1503 212 1566 verit
233 1500 464 1584 ἰνκαπφύτευε.
485 1541 525 1548 -
1073 1505 1075 1511 ’

210 1603 366 1688 Sequitur
388 1602 433 1688 gl.
669 1687 672 1694 Ι

209 1706 374 1791 adapes·
421 1704 644 1786 ἐλάχιστον,
684 1728 782 1791 quam
825 1707 888 1771 huc
928 1705 1123 1770 trahendam
1165 1705 1247 1771 duco

124 1810 214 1873 hisce
237 1808 277 1872 de
300 1809 443 1872 caussis:
467 1807 596 1892 κόαρον,
616 1808 794 1893 quodcum
816 1809 987 1894 κύκκαρος·
1016 1806 1054 1872 τὸ
1078 1807 1248 1890 ἐλάχιστον

126 1911 219 1993 (Lob.
241 1909 344 1974 Proll.
369 1910 430 1974 254
454 1909 528 1974 coll.
551 1909 628 1974 Hes.
651 1910 757 1974 κόκκυ.
793 1910 900 1974 Bekk.
925 1909 1036 1974 anecd.
1059 1934 1090 1996 p.
1111 1911 1181 1991 105,
1198 1915 1247 1974 22.

125 2011 272 2094 κικκάβιν
299 2011 354 2094 al.)
381 2011 466 2076 nihil
494 2012 596 2077 habet
625 2015 824 2093 commercii,
856 2015 967 2098 potius
995 2036 1053 2098 pro
1085 2012 1247 2098 σκύβαλον

127 2113 362 2197 „quisquiliae“
388 2115 408 2177 i.
432 2137 458 2178 e.
489 2117 672 2179 osef-asos
703 2115 825 2180 dicitur
853 2114 933 2196 (rad.
962 2115 1025 2178 sku
1053 2114 1248 2195 „deradere“

127 2214 221 2278 Fick.
252 2217 340 2298 207),
368 2215 454 2301 quod
482 2221 613 2281 constat
642 2217 681 2280 de
711 2220 809 2284 rebus
838 2218 982 2281 minimis
1014 2239 1052 2280 ac
1074 2216 1246 2282 vilissimis

126 2315 289 2381 interdum
305 2320 464 2404 usurpari,
489 2320 527 2383 cf.
543 2319 620 2383 Hes.
641 2319 876 2404 σκυβαλισμός·
893 2317 1109 2403 ἐκφαύλισμα,
1132 2322 1187 2384 καὶ
1208 2317 1245 2383 τὸ

125 2414 291 2500 ἀδόκιμον.
312 2422 553 2504 σκυβαλίζεται·
568 2419 803 2499 ἐξουθενεῖται,
818 2416 1139 2504 ἀποδοκιμάζεται.1)
1162 2421 1247 2484 Ean·

125 2521 197 2586 dem
221 2521 400 2586 deradendi
429 2525 597 2589 notionem
620 2525 835 2610 originariam
857 2524 1015 2590 exhibent
1037 2523 1247 2610 dedicatoria

80 2637 82 2644 ⁴
125 2623 258 2708 δρύπτω
286 2629 508 2711 propagatum
535 2629 578 2707 (v.
600 2626 653 2692 Et.
676 2626 720 2690 M.
745 2630 816 2707 288,
845 2627 886 2691 58
916 2629 986 2711 sq),
1008 2626 1086 2690 Hes.
1110 2633 1180 2690 κνῦ·
1207 2624 1245 2690 τὸ

125 2724 295 2806 ἐλάχιστον
318 2749 338 2790 a
360 2727 442 2791 κνύω
467 2727 586 2807 „rado“
610 2729 703 2813 (Lob.
726 2729 840 2804 Rheni.
861 2733 944 2811 287),
969 2730 1061 2792 euius
1085 2728 1208 2793 similia
1231 2752 1248 2792 e

124 2827 239 2914 lingua
270 2851 389 2914 graeca
417 2833 584 2916 congessit
610 2832 758 2911 Pierson.
788 2831 830 2896 ad
852 2832 954 2896 Moer.
980 2855 1011 2916 p.
1034 2833 1098 2896 330
1120 2853 1176 2913 sq,
1208 2832 1246 2893 ef.

124 2928 282 2994 Schmidt.
305 2931 376 2995 Ind.
398 2932 477 2997 Hes.
500 2959 530 3018 p.
555 2937 594 2998 57
626 2937 686 2999 sub
711 2933 873 3014 ἐλάχιστα.
919 2934 995 2998 Jam
1022 2955 1099 2997 vero
1126 2932 1247 3016 adapes

125 3030 166 3094 ad
189 3032 328 3096 formam
354 3033 533 3120 indogerm.
566 3035 709 3115 sku-ara,
737 3059 834 3120 quam
856 3035 951 3100 Fick.
975 3035 995 3098 l.
1019 3035 1039 3098 l.
1065 3035 1247 3114 constituit,

123 3135 271 3218 proxime
294 3157 328 3200 se
352 3136 518 3202 admovet:
548 3142 581 3201 et
608 3142 777 3202 vetustum
803 3162 825 3202 u
849 3132 980 3223 quidem
1002 3139 1037 3202 in
1059 3161 1130 3224 ngr.
1155 3156 1247 3206 σκου-

123 3237 243 3320 βαρίζω
261 3239 375 3320 (etiam
391 3242 567 3322 σκουπίζω)
583 3241 603 3302 i.
620 3261 646 3303 e.
671 3241 872 3318 σκυῈα-λίζω
892 3243 935 3323 (v.
952 3239 1024 3306 Cor.
1039 3235 1094 3304 hv.
1105 3240 1164 3320 IV,
1185 3243 1246 3324 79),

125 3337 233 3403 alban.
258 3339 422 3426 σκούπιρα
445 3342 683 3426 „quisquiliae“
703 3345 913 3428 conspicitur,
938 3343 1113 3428 quodcum
1135 3343 1249 3430 indog.

127 3439 269 3522 sku-ara,
293 3466 363 3528 ngr.
384 3447 599 3528 σκουβ-αρίζω
619 3448 821 3528 (sacen-ila)
842 3469 939 3530 quam
958 3447 1142 3510 arctissime
1161 3447 1248 3510 coire

129 3545 342 3610 certissimum
374 3547 456 3610 mihi
483 3550 577 3630 est2)
622 3546 734 3632 Atque
763 3549 797 3610 in
825 3550 1006 3612 recentiore
1035 3569 1163 3632 quoque
1186 3544 1247 3630 (ly-

208 3820 231 3876 1)
251 3809 384 3883 σκύβαλον
395 3821 423 3868 in
435 3822 546 3871 dialecto
565 3823 702 3872 Calabriae
720 3829 846 3886 superest:
865 3821 957 3872 scifalo
977 3823 1088 3883 „ausula
1106 3821 1245 3884 pusillum“

121 3902 290 3966 („bruscolo“
309 3905 408 3954 Morosi
429 3907 496 3970 166).
516 3936 549 3942 -

208 3987 229 4054 2)
249 4007 269 4039 π
293 3997 322 4038 ut
344 3991 446 4054 saepius
469 4007 502 4040 ex
524 3997 646 4056 bustum
665 4002 710 4050 est,
729 3995 761 4042 cf.
780 3995 861 4056 Bopp.
882 3993 952 4044 Acts.
970 3992 1053 4041 Acad.
1073 3993 1159 4041 Berol.
1182 3993 1245 4043 1855

1 4125 2 4130 ,
120 4091 146 4138 p.
165 4075 223 4122 491.
245 4102 278 4110 —
