2862 4668
602 337 810 400 *55-

137 507 201 568 est.
233 503 352 588 Itaque
367 527 433 568 non
452 525 533 588 opus
555 505 638 568 mihi
655 505 787 571 videtur
804 505 980 587 restituere
1002 510 1266 588 μοττοτοφαγία,

137 605 228 690 quod
252 604 410 670 Schmidt.
434 605 485 670 Zt.
509 605 530 668 l.
554 605 575 670 1.
599 609 661 672 307
683 609 867 694 proposuit.
891 645 933 654 -

226 708 404 772 Praeterea
434 707 637 774 Schmidtius
668 709 711 796 gl.
738 719 877 792 μοτοῐ·
901 747 943 756 -
965 708 1156 795 ταράττει
1184 706 1266 789 (cod.

137 821 260 892 μοττοῑ
283 811 389 875 invito
418 809 546 875 ordine:
578 813 616 876 ef.
644 812 740 892 Phot.
766 815 842 893 276,
871 813 900 876 9.
945 809 1060 896 Oyrill.
1087 810 1129 874 63
1156 811 1265 891 μοτοῖ)

139 913 183 976 ad
207 910 402 998 Cypriorum
433 913 612 980 dialectum
638 919 788 980 revocat:
817 923 917 996 μοτοῖ
936 913 1041 999 igitur
1062 941 1112 968 =¹
1127 911 1270 992 *ματτοῐ

140 1038 200 1100 pro
232 1015 322 1101 vulg.
354 1015 553 1096 μυττωτεύει
583 1015 707 1082 dietum
738 1019 832 1094 foret,
862 1017 914 1080 cui
942 1013 1105 1100 expositio
1134 1011 1267 1098 quidem

140 1117 296 1202 ταράττει
323 1118 344 1180 i.
369 1139 395 1182 e.
419 1121 565 1206 διακυκᾷ,
598 1125 687 1206 φορᾷ
716 1121 767 1202 (cf.
790 1119 868 1183 Hes.
893 1141 917 1182 s.
942 1118 1062 1202 φορᾶτ)
1086 1116 1266 1198 „conterit‘

139 1243 207 1285 non
238 1219 412 1306 discrepat.
465 1218 514 1284 At
544 1225 655 1286 tamen
686 1243 758 1287 cum
790 1221 830 1286 de
860 1219 1059 1286 formatione
1090 1217 1152 1281 illa
1182 1216 1267 1280 nihil

141 1322 276 1387 aliunde
299 1327 436 1404 constet,
464 1334 566 1404 μοτοῖ
592 1329 701 1389 autem
731 1323 773 1388 ad
795 1323 864 1388 rad.
896 1326 966 1386 mat
989 1325 1061 1403 (set.
1074 1319 1266 1398 'math-ami,
1391 1320 1394 1328 '

142 1449 191 1510 gr.
214 1425 342 1506 μύθ-ος
358 1423 449 1492 Ourt.
472 1427 547 1510 313)
570 1429 652 1512 pari,
675 1427 824 1492 forsitan¹
845 1427 943 1490 etiam
967 1424 1096 1511 potiore
1118 1423 1189 1486 iure
1212 1420 1266 1485 ad·

142 1528 268 1592 moveri
289 1531 406 1613 possit,
429 1528 576 1615 glossam
598 1529 659 1594 hoc
691 1527 763 1594 loco
795 1529 942 1594 missam
959 1527 1128 1590 faciamus.
1181 1524 1266 1588 Item

143 1629 183 1693 de
210 1629 254 1716 gl.
281 1630 435 1712 μύττυες·
464 1631 496 1695 οἱ
524 1630 649 1697 ἔκλυτοι
676 1635 730 1697 καὶ
752 1637 957 1718 παρειμένοι,
987 1650 1086 1714 quam
1108 1625 1266 1692 Schmidt.

141 1731 213 1795 Ind.
236 1732 367 1818 Hesp.
393 1735 453 1798 ll9
478 1733 551 1798 coll.
573 1734 682 1815 μύτις·
706 1773 747 1782 ——-
767 1730 784 1798 ὃ
807 1733 893 1818 πρὸς
915 1731 956 1797 τὰ
979 1727 1161 1818 ἀφροδίσια
1184 1728 1266 1798 ἐκλε-

141 1836 277 1916 λυμένος
305 1840 339 1900 et
366 1835 503 1917 μοιδύει·
534 1834 639 1902 ἐκλύει
666 1835 822 1923 Cypriam
853 1835 947 1917 dicit,
973 1834 1063 1900 haud
1091 1835 1141 1898 ita
1169 1831 1267 1898 facile

143 1940 232 2000 certo
256 1935 474 2002 diiudicarim.
519 1936 642 2004 Contra
665 1961 682 2003 e
705 1961 789 2026 gaza
807 1939 1020 2022 Hesychiana
1041 1941 1176 2002 nostrae
1199 1933 1266 1998 dia·

143 2038 230 2103 lecto
267 2041 336 2104 sine
373 2042 582 2106 cunctatione
618 2041 838 2128 assignandae
874 2045 952 2105 sunt
983 2040 1115 2126 glossae
1148 2037 1265 2101 haece:

231 2140 397 2226 βόρμαξ·
421 2142 600 2230 μύρμηξ,
623 2167 682 2229 pro
703 2151 769 2228 'qno
792 2143 922 2229 βύρμοξ
943 2141 996 2204 nt.
1018 2141 1063 2205 M.
1083 2141 1154 2220 205,
1176 2142 1205 2204 4.

229 2242 280 2307 De
302 2245 533 2311 terminatione
554 2245 620 2311 vid.
638 2270 669 2332 p.
689 2247 745 2324 313
769 2245 808 2310 de
826 2243 1001 2310 labialium
1024 2242 1266 2329 permutatione

143 2349 269 2430 postca.
318 2345 457 2432 Βόρμαξ
486 2346 607 2414 dicitur
633 2369 693 2434 pro
721 2348 853 2432 βύρμαξ
887 2347 939 2429 (ef.
971 2345 1049 2410 Hes.
1082 2344 1265 2432 βύρμακας·

142 2447 322 2534 μύρμηκας,
355 2449 442 2534 quod
472 2448 634 2517 Aeolibus
665 2451 850 2531 tribuerim)
884 2453 917 2512 et
948 2471 966 2512 o
1000 2448 1147 2532 quidem,
1180 2445 1266 2532 quod

143 2551 243 2614 ctiam
261 2551 296 2613 in
313 2551 391 2616 Hes.
412 2553 574 2639 φύρμικα·
597 2551 752 2639 μύρμηκα
771 2557 804 2616 et
822 2543 1002 2638 ἱῗρμικα(ς)·
1021 2550 1154 2637 μύρμηξ
1172 2545 1265 2632 (Lob'.

142 2651 265 2716 Parall.
295 2656 367 2735 144)
394 2683 437 2710 --
464 2654 522 2718 lat.
554 2657 691 2720 formica
723 2655 940 2740 conspicitur,
973 2652 1015 2716 ad
1045 2657 1214 2718 vetustum
1244 2674 1266 2716 u

142 2753 263 2820 radicis
295 2778 368 2820 mur
392 2754 494 2839 (Ourt.
518 2759 592 2839 315)
616 2756 733 2838 tendit,
766 2755 853 2841 qnod
880 2758 915 2819 in
937 2755 1077 2820 neolocr.
1100 2752 1267 2819 vnrvukia

142 2857 163 2918 i.
192 2877 217 2920 e.
248 2858 416 2944 μορμηκιύ
449 2857 635 2946 (Chalkiop.
664 2861 725 2923 365
755 2861 845 2940 not),
880 2858 937 2922 lat.
970 2859 1109 2922 furmica
1141 2853 1265 2937 (Anall.

144 2956 200 3024 Gr.
228 2959 299 3024 edd.
327 2960 521 3026 Eichenfeld
550 2966 583 3026 et
609 2959 788 3025 Endlicher
818 2983 848 3045 p.
872 2961 957 3042 443),
985 2959 1112 3023 valach.
1139 2948 1265 3022 furnice

144 3059 246 3142 (Dies.
270 3061 326 3128 Gr.
348 3063 375 3144 I,
399 3067 469 3128 199.
492 3065 567 3146 344)
590 3068 748 3149 superest.
773 3100 812 3110 -

228 3165 383 3249 βρόκοι·
414 3162 628 3250 ἇττέλεβοι.
659 3161 822 3251 ἀκρίδες
850 3185 909 3250 pro
940 3163 1055 3249 βρύκοι
1078 3161 1167 3244 (Hes.
1189 3159 1265 3246 βρύ-

144 3287 212 3340 κος·
243 3280 285 3314 -’-
318 3268 350 3333 οἱ
380 3269 417 3334 dd
448 3263 630 3353 ἇττέλεβος)
665 3267 787 3332 dicitur
818 3271 851 3331 et
881 3287 955 3331 cum
983 3263 1119 3350 Cypriis,
1142 3269 1266 3348 βροῦκα

146 3373 275 3434 servato
294 3371 366 3456 ipso
384 3375 516 3436 uetusto
535 3393 557 3436 u
574 3372 609 3434 in
626 3391 689 3435 usu
708 3371 753 3434 sit
771 3369 860 3452 (Hes.
876 3391 900 3433 s.
918 3371 972 3452 u),
992 3390 1064 3432 cnm
1083 3363 1265 3432 Schmidtio

145 3473 285 3538 fortasse
314 3472 452 3558 Paphiis
479 3472 690 3539 tribuendum
721 3477 780 3537 est.
828 3471 979 3556 Utraque
1011 3469 1124 3556 glossa
1153 3490 1173 3531 a
1200 3471 1265 3530 vet.

148 3573 251 3656 dodae
275 3573 472 3657 „devorare“
493 3577 655 3662 provenit.
671 3613 712 3622 -
731 3573 826 3650 Quod
850 3575 879 3638 si
900 3578 989 3638 recte
1013 3595 1047 3636 se
1068 3571 1179 3649 habet,
1200 3591 1266 3632 non

148 3675 260 3741 dubito
289 3678 368 3761 quin
395 3676 557 3761 βρύξαι·
588 3679 758 3764 ῥοφῆσαι
786 3675 962 3741 eorundem
988 3672 1190 3759 Paphiorum
1222 3673 1267 3735 sit

145 3799 201 3862 pro
232 3777 351 3864 βρύξαι
378 3779 467 3861 (Hes.
495 3779 627 3864 βρύξαι·
657 3782 777 3844 δακεῖν.
805 3780 1009 3860 sacomam:
1042 3776 1080 3839 cf.
1112 3795 1266 3860 neoeypr.

144 3879 263 3966 βρόκος
285 3881 340 3946 vel
362 3881 482 3966 βρόχος
505 3881 663 3960 „haustus
687 3884 823 3965 aquac“;
847 3883 911 3944 vet.
935 3877 1073 3964 βρόγχος
1095 3876 1149 3942 vel
1171 3876 1266 3960 βρόχ-

100 3987 108 4007 ’
145 3989 215 4063 dcc,
239 3982 326 4066 quod
345 3982 404 4046 alii
420 3981 631 4063 contendunt,
654 3983 799 4048 alienum
816 3981 897 4045 mihi
917 3978 1048 4066 quidem
1069 3977 1210 4044 videtur.
1225 4017 1266 4028 -

229 4084 537 4171 γορύς·κυρτόφ
