2862 4668
590 305 779 365 „7-

122 477 286 562 sospitem
308 473 553 558 Diogenianum
575 472 678 537 habes
702 467 902 552 restitutum,
934 472 1056 557 glossis
1079 473 1245 558 plerisque

122 578 322 643 asteriscum
362 576 514 660 appinxit
552 576 666 658 itaque
706 595 790 657 quae
830 577 929 639 antea
970 576 1171 660 cogitatione
1212 584 1245 638 et

123 681 317 745 coniectura
339 682 509 742 assecutus
533 681 593 756 cst,
617 698 770 762 spernere
793 675 934 741 videtur.

213 780 339 856 Quibus
358 781 528 864 perpensis
547 777 650 859 vides,
674 779 824 862 quamvis
844 777 1046 842 Schmidtins
1065 799 1085 842 a
1103 778 1244 865 singulis

127 882 249 967 glossis
281 881 477 965 quibusdam
502 882 662 945 tenebras
693 879 782 944 haud
813 902 888 944 raro
912 880 1088 965 dispulerit
1111 883 1245 966 eiusque

127 985 262 1069 egregia
284 982 323 1046 de
345 983 397 1048 his
420 985 519 1049 rebus
543 982 654 1047 studia
677 1004 860 1068 operaeque
883 982 981 1068 longe
1000 985 1193 1067 primarium
1212 989 1246 1047 et

64 1091 67 1098 '
124 1087 416 1151 honoratissimum
446 1085 555 1150 locum
585 1086 620 1148 in
651 1107 780 1149 omnem
810 1086 1041 1169 posteritatem
1064 1087 1254 1164 obtineant,

121 1187 290 1274 permulta
308 1193 367 1252 aut
383 1189 419 1252 iu
438 1186 537 1252 dubio
556 1192 615 1250 aut
632 1188 666 1250 in
686 1189 824 1252 obscuro
844 1184 950 1250 adhuc
968 1193 1067 1270 atque
1091 1189 1245 1252 abstruso
1317 1184 1325 1200 '

122 1293 242 1354 iacere.
267 1328 307 1336 -

209 1390 307 1456 Alios
331 1388 449 1454 deinde
470 1390 619 1454 homines
642 1389 765 1471 doctos,
797 1389 890 1455 velut
911 1388 1103 1476 Bergkium,
1124 1390 1246 1455 Meiness

122 1494 227 1574 kium,
259 1495 315 1577 qui
345 1493 448 1558 variis
480 1492 562 1557 locis
585 1492 746 1558 medelam
769 1498 802 1558 et
825 1514 897 1557 eam
919 1494 1050 1578 saepius
1073 1515 1184 1558 veram
1209 1515 1247 1558 ac

125 1595 307 1660 salutarem
338 1594 461 1680 glossis
492 1595 661 1660 nonnullis
685 1594 818 1681 Cypriis
851 1596 958 1660 obiter
982 1601 1015 1658 01
1038 1596 1133 1678 quasi
1154 1618 1246 1680 prae-

123 1703 292 1762 tereuntes
316 1697 547 1779 adhibuerunt,
569 1721 656 1763 nunc
678 1700 847 1763 nominare
870 1697 1131 1784 supersedemur:
1164 1720 1246 1780 quos

124 1823 184 1864 suo
209 1821 369 1883 quemque
392 1799 464 1863 1000
487 1824 546 1886 pro
571 1800 735 1886 dignitate
763 1822 801 1865 ac
823 1802 950 1864 meritis
975 1797 1245 1864 collaudabimus.

210 1901 361 1984 Denique
377 1899 626 1967 Sakellarios
648 1953 662 1983 „
671 1902 720 1968 Τὰ
738 1902 931 1986 Kvnqruxci“
951 1901 1025 1984 τόμ.
1039 1901 1093 1964 ΙΠ
1112 1902 1246 1984 (Athen.

126 2006 324 2088 18111000.
351 2005 514 2068 rsa-‘2⁶21
540 2004 672 2068 easdem
695 2005 825 2090 glossas
852 2005 887 2067 in
909 2027 1009 2068 11111111
1034 2025 1151 2089 corpus
1175 2025 1247 2067 con·

130 2107 236 2191 gessit
258 2126 361 2188 neque
383 2110 495 2168 tamen
517 2107 700 2170 utilitatem
724 2127 807 2190 quae
831 2111 1043 2190 exspectatur
1060 2107 1186 2188 justam
1209 2126 1255 2168 ac.

128 2209 261 2292 plenam
291 2208 332 2270 iis
363 2209 529 2292 praebuit:
565 2231 642 2272 nam
672 2209 814 2292 primum
846 2208 977 2271 omissis
1010 2207 1130 2292 glossis
1162 2205 1251 2270 haud

126 2310 242 2394 paucis
275 2309 379 2391 (velut
408 2308 514 2390 Eueli,
547 2311 639 2374 euius
676 2311 878 2375 carminibus
913 2308 1075 2372 dialectus
1107 2309 1253 2394 genuina

125 2412 254 2496 pariter
294 2416 393 2494 atque
424 2411 560 2475 Homeri
601 2411 745 2488 editione
777 2409 902 2498 Cypria
941 2416 1075 2476 servata
1111 2417 1174 2492 est,
1211 2413 1250 2476 cf.

126 2511 285 2578 Schmidt.
308 2513 358 2576 Zt.
381 2512 441 2593 Dl,
464 2537 495 2598 p.
519 2517 578 2579 361
601 2517 671 2598 sq),
704 2520 819 2578 eontra
847 2514 923 2577 aliis
946 2535 1005 2599 per
1028 2515 1252 2578 confusionem

126 2615 180 2678 vel
203 2636 347 2678 errorem
366 2617 565 2680 enumeratis
585 2638 668 2700 quae
687 2618 819 2680 minime
839 2614 1034 2701 Cypriorum
1054 2621 1140 2696 sunt,
1158 2621 1250 2680 101110

129 2717 276 2799 sequitur
307 2716 484 2802 Engelium
517 2719 651 2802 eiusque
684 2720 884 2798 sententias,
918 2741 999 2802 quas
1030 2740 1116 2782 nunc
1147 2740 1250 2803 paene

129 2817 251 2882 nullius
282 2821 382 2904 pretii
414 2841 486 2883 0000
509 2841 609 2904 supra
632 2819 789 2900 diximus,
820 2821 913 2884 nulla
935 2822 1134 2905 interposita
1158 2842 1250 2882 mora

130 2919 267 3005 adoptat
299 2922 367 2985 fere
400 2943 521 2986 omnes.
565 2921 694 2985 Deinde
727 2943 800 2986 cum
823 2923 895 2986 0010
918 2921 1020 2986 editio
1043 2921 1121 2984 Hes.
1145 2923 1251 2986 minor

58 3015 63 3034 '
127 3028 260 3108 praesto
293 3024 323 3087 ei
354 3025 456 3087 fuisse
488 3023 654 3103 videatur,
688 3025 894 3087 coniecturas
927 3046 946 3086 a
978 3022 1161 3088 Schmidtio
1201 3025 1250 3089 ibi

126 3124 276 3210 prolatas
308 3129 341 3189 et
373 3125 619 3191 emendationes
650 3149 715 3190 non
749 3125 851 3188 semel
883 3124 1023 3190 caducas
1056 3130 1088 3188 et
1111 3127 1249 3211 fragiles

128 3227 261 3292 silentio
284 3249 390 3312 neque
413 3227 564 3293 adhibito
582 3230 674 3312 justo
694 3225 816 3292 iudicio
834 3249 894 3312 pro
913 3229 1002 3292 veris
1017 3229 1142 3312 recepit
1160 3227 1249 3290 aliis-

129 3351 190 3415 que
222 3329 381 3396 subsidiis
413 3352 497 3415 quae
528 3334 566 3393 ut
595 3351 648 3394 res
679 3351 756 3394 vere
780 3351 814 3394 se
837 3330 960 3394 habeat
984 3351 1057 3393 eum
1080 3329 1248 3410 edoceant,

130 3434 308 3498 destitutus
330 3433 566 3518 propemodum
589 3433 741 3498 omnibus
763 3432 861 3494 nimis
884 3432 937 3494 illi
959 3433 1158 3517 morigerum
1178 3453 1249 3496 sese

130 3537 281 3620 praebuit
303 3537 505 3619 nimiumque
527 3535 727 3599 auctoritate
748 3534 839 3597 illius
859 3555 897 3597 ac
915 3534 1021 3598 veluti
1039 3540 1121 3598 nutu
1139 3538 1247 3597 1110110

130 3644 186 3702 001.
230 3638 349 3721 Itaque
372 3637 410 3700 fit
431 3643 470 3702 ut
491 3637 653 3723 neglectis
676 3658 754 3701 vera
778 3635 899 3699 codicis
923 3636 1087 3720 scriptura
1110 3641 1143 3699 et
1160 3637 1249 3700 litte-

196 3795 264 3802 -..κ
268 3796 326 3802 ---

196 3878 216 3942 1)
244 3878 376 3928 Volumen
403 3878 432 3937 1,
460 3893 512 3939 qno
540 3878 698 3926 Sakellarios
725 3876 842 3939 inprimis
869 3877 895 3924 in
922 3878 1122 3940 topographiam
1148 3878 1266 3953 insulae,

125 3963 270 4015 accuratius
287 3962 429 4024 inquisivit,
447 3962 500 4012 iam
517 3978 594 4024 supra
612 3961 881 4021 commemoravimus3
900 3964 952 4013 vol.
972 3964 1016 4024 11,
1035 3962 1078 4010 ubi
1096 3964 1128 4010 dc
1140 3962 1248 4010 historin
1261 3956 1265 4001 ι’

125 4061 151 4097 ct
168 4049 332 4112 mythologie
349 4062 432 4095 sermo
452 4047 506 4105 eric,
525 4051 639 4095 nondum
658 4050 727 4109 quod
747 4048 825 4095 scium
844 4047 948 4108 prodiit.
1259 4024 1262 4044 ¹
