2862 4668
600 349 832 410 ..5-·

132 517 348 605 Paphicrum⁷
372 517 477 580 minus
502 510 605 601 saepe
624 515 891 596 Salaminiorum,
919 515 1192 581 Amathusiorum
1215 516 1257 580 al.

134 622 289 706 sumpsit,
322 619 406 682 alias
437 640 476 682 ex
503 617 601 682 Eucli
634 618 853 704 chresmolcgi
884 621 1045 703 poematis
1078 623 1111 682 et
1134 616 1257 703 Cypria

135 727 319 789 carminum
341 721 475 785 Homeri
503 719 648 784 editione
680 719 870 798 adnotavit;
903 721 986 784 alias
1019 720 1160 785 dialecto
1192 745 1258 784 non

135 827 285 890 indicata
307 823 410 904 affert,
434 844 516 906 quas
540 844 667 896 summa
691 844 764 887 cum
786 823 857 887 veri
880 822 1096 886 similitudine
1115 823 1178 886 huc
1193 829 1258 886 tra·

137 928 262 993 hendas
293 947 363 990 esse
395 929 556 1009 quantum
586 924 656 988 fieri
684 926 808 1011 poterit
832 924 1140 990 demonstrabimus.
1185 920 1275 989 Huc*

136 1029 295 1094 accedunt
318 1027 463 1092 frustula
485 1027 643 1112 pauciora
666 1027 700 1090 in
722 1026 965 1111 Etymologicis
988 1027 1112 1114 Magno
1137 1032 1170 1092 et
1193 1026 1259 1092 Gu-

135 1132 234 1196 diano
266 1137 412 1194 servata:
445 1134 560 1194 contra
586 1128 719 1214 glossae
748 1129 964 1194 secundarum
991 1131 1087 1212 quasi
1112 1131 1258 1214 partium

133 1237 176 1300 ab
207 1233 392 1314 Athenaeo,
425 1231 614 1309 EustathiO,
646 1230 835 1296 scholiastis
862 1232 1007 1312 Homeri,
1040 1232 1256 1317 grammatico

136 1335 226 1422 apud
247 1335 392 1399 Bekker.
428 1332 553 1397 Anecd.
577 1331 634 1398 Gr.
665 1333 730 1398 rol.
754 1332 807 1396 ΠΙ
833 1358 864 1420 p.
889 1337 969 1400 1095
989 1357 1046 1418 sq„
1078 1335 1155 1398 aliis
1186 1357 1259 1419 pro·

21 1454 24 1458 '
132 1439 238 1518 latae,
275 1438 394 1522 quibus
427 1435 564 1500 dialecti
593 1456 695 1521 purae
727 1457 765 1498 ac
797 1437 959 1521 genuinae
990 1437 1076 1500 ratio
1108 1459 1175 1500 non
1207 1444 1258 1500 est
1350 1439 1352 1445 ‘

134 1541 252 1605 habita
265 1540 462 1625 justissima,
485 1539 645 1602 minorem
663 1539 759 1602 nobis
775 1539 937 1623 praebent
954 1533 1146 1602 utilitatem.
1184 1538 1258 1614 Qua

136 1641 176 1704 de
211 1662 328 1706 caussa
358 1642 481 1715 certior
512 1639 647 1703 dialecti
685 1642 830 1726 cognitio
867 1641 1059 1724 fructusque
1095 1641 1256 1704 utilitatis

134 1745 304 1809 uberiores
323 1745 467 1807 maxime
483 1765 499 1806 e
514 1764 598 1828 gana
609 1741 1067 1828 Hesychianapercipiuntur.
1090 1741 1163 1806 lam
1178 1765 1256 1807 vero
1336 1741 1337 1745 ’

133 1846 284 1930 glossae,
318 1867 399 1929 quas
422 1843 587 1908 Meursius
611 1842 730 1924 „Creta
763 1842 890 1930 Cyprus
919 1843 1084 1925 Rhodus“‚
1115 1843 1256 1909 Amstel.

135 1951 218 2011 1675
240 1949 299 2012 lib.
322 1947 358 2010 Π
386 1969 455 2032 cap.
482 1948 521 2010 25
544 1947 670 2032 primus
692 1947 728 2010 in
750 1969 851 2011 unum
875 1953 1086 2032 conspectum
1117 1946 1255 2032 redegit,

134 2051 317 2112 maximam
339 2055 467 2134 partem
499 2055 557 2113 aut
589 2049 738 2112 occultae
770 2054 803 2112 et
835 2049 1009 2113 enucleatu
1041 2048 1257 2112 difficillimae

138 2156 218 2214 sunt
241 2151 509 2236 aut'ccrruptela
531 2152 707 2215 manifesto
726 2151 882 2215 laborant
899 2150 1083 2234 medicique
1099 2172 1160 2235 cpe
1175 2150 1258 2214 indi-
1363 2202 1364 2206 ,

138 2257 227 2338 gent.
280 2253 424 2328 Quarum
464 2253 646 2338 permultas
686 2251 865 2316 Hamaker.
907 2252 1065 2333 ⁷‚ltliscell
1105 2252 1257 2333 Phoen.“,

134 2353 243 2440 Lugd.
273 2354 348 2419 Bat.
385 2358 463 2420 1828
502 2360 535 2419 et
570 2353 731 2420 Gesenius
762 2354 907 2442 Menum.
938 2355 1060 2419 Phoen.
1097 2353 1257 2439 indagare

133 2458 247 2521 eonati
278 2463 356 2526 sunt
378 2457 553 2522 Semitieas
586 2462 619 2522 et
651 2457 781 2547 saepius
814 2479 913 2541 quam
945 2457 1112 2523 debebant
1134 2457 1256 2542 glossis

34 2589 35 2592 ¹
133 2563 248 2644 aper'te
281 2565 313 2624 et
344 2561 517 2646 perspicue
548 2561 676 2645 graecis
706 2561 867 2645 originem
889 2559 1102 2624 Phoenicium
1126 2558 1258 2623 addixe-

133 2667 224 2726 runt:
257 2663 310 2726 cui
332 2663 517 2726 sententiae
540 2684 625 2726 nunc
647 2661 735 2726 haud
758 2664 856 2727 facile
880 2663 1053 2747 quisquam
1077 2662 1258 2748 adstipula-

135 2765 235 2828 bitur.
278 2764 460 2828 Phoenices
493 2765 579 2828 enim
610 2767 645 2827 in
668 2763 776 2849 Cypro
807 2765 917 2828 insula
939 2766 1124 2848 antiquitus
1148 2786 1258 2829 conse—

137 2863 224 2928 disse
255 2872 288 2930 et
311 2863 435 2930 Citium
464 2868 580 2932 urbem
610 2867 645 2929 in
676 2866 885 2931 meridionali
916 2867 1045 2930 insulae
1077 2889 1135 2931 ora
1158 2869 1258 2930 sitam

137 2966 324 3033 condidisse
347 2991 413 3033 non
435 2967 645 3032 infitiandum
669 2966 800 3050 quidem
824 2974 887 3031 est:
914 2974 1029 3033 contra
1051 2969 1201 3054 linguam
1223 2971 1258 3032 in

133 3071 324 3135 universum
351 3092 428 3136 vere
451 3069 613 3136 Graecam
644 3071 746 3134 fuisse
779 3069 983 3134 documentis
1008 3072 1201 3135 certissimis
1226 3077 1259 3135 et

132 3171 406 3258 inscriptionibus
439 3173 626 3259 glossisque
649 3169 780 3257 Cypriis
803 3173 989 3236 luculenter
1013 3175 1257 3258 comprobatur,

132 3275 172 3336 cf.
199 3270 394 3360 Ἱερώνυμος
421 3273 637 3362 Μυριανθεύς
668 3278 782 3359 „11th
805 3283 870 3340 τῶν
903 3271 1046 3359 ἀρχαίων
1068 3282 1258 3361 Κυπρι’ων··,

131 3375 254 3440 Athen.
280 3379 372 3442 1868.
417 3376 615 3442 Glossarum
647 3383 757 3441 autem
789 3399 873 3461 quae
905 3383 1082 3464 supersunt
1114 3379 1260 3442 omnium

134 3477 298 3542 duntaxat
328 3485 396 3543 tres
429 3484 628 3564 quattuorve
659 3481 881 3546 Phoenicibus
913 3479 1132 3546 vindicandae
1171 3487 1256 3570 sunt,

135 3601 272 3662 quarum
289 3603 367 3666 pars
386 3583 491 3667 ipsius
510 3583 754 3646 terminationis
772 3604 889 3647 caussa
908 3585 1070 3668 originem
1088 3583 1258 3648 evidenter

132 3681 281 3747 declarat
302 3707 368 3748 non
392 3705 553 3769 graecam,
589 3686 628 3748 cl.
665 3681 767 3769 ὀβάθ,
800 3682 894 3772 drop:
928 3683 967 3750 de
999 3687 1139 3772 singulis
1170 3687 1258 3749 infra

128 3783 326 3849 videbimus.

214 3887 331 3971 Neque
363 3888 471 3951 minus
504 3890 634 3954 fallitur
664 3889 705 3952 H.
730 3889 769 3954 de
800 3889 933 3973 Luynes
965 3891 988 3955 l.
1015 3890 1037 3956 l.
1064 3913 1095 3974 p.
1118 3891 1168 3970 48,
1202 3892 1258 3974 qui

126 3990 248 4055 tabula
279 3989 390 4058 Idalia
422 3989 577 4076 deceptus
610 3993 711 4056 etiam
743 3993 874 4078 glossas
906 3993 983 4056 Hes.
1018 3983 1129 4072 draca,
1163 3987 1257 4068 ἄνδα,

126 4089 236 4170 ἔπιζα,
266 4091 354 4180 ἔστη,
384 4097 501 4170 doras,
534 4092 608 4179 θής,
631 4083 786 4180 hidarum,
810 4094 947 4180 καρβάν,
972 4099 1109 4180 κίταρις,
1132 4094 1258 4188 caytus,
