2862 4668
586 337 811 420 '-35-

139 530 284 593 fortasse
307 527 408 590 etiam
429 525 548 608 μάτινν
570 524 678 590 Schol.
700 524 759 590 Ar.
782 526 869 592 Nub.
891 527 950 590 451
977 532 1010 590 et
1031 527 1108 592 Hes.
1131 535 1267 610 ματίον·

139 631 177 694 τὸ
201 627 320 714 μικρὸν
342 631 397 692 καὶ
420 623 538 710 ὀλίγον.
583 628 661 694 Sine
681 628 780 694 dubio
801 634 911 694 autem
928 636 1048 710 μνασίς
1071 633 1203 717 proprie
1221 633 1267 695 in-

141 735 362 796 strumentum
394 753 457 814 quo
490 731 659 815 quippiam
690 733 852 811 metimur,
884 733 920 794 in
951 733 1141 798 universum
1173 734 1268 799 deno-

142 836 253 914 tabat,
284 831 372 918 quod
404 830 520 917 Cyprii
551 834 585 896 in
620 839 743 898 certam
773 833 868 898 illam
900 832 1039 898 duorum
1069 836 1269 902 medimnum

145 957 329 1000 mensuram
370 934 623 1000 transtulerunt.
677 935 902 1022 Epiphanium
943 942 1057 1001 contra
1097 932 1270 1024 putantem

145 1025 261 1128 prauis
289 1037 477 1102 eRomano
505 1036 671 1102 medium
702 1060 774 1103 esse
797 1038 982 1118 deductum,
1006 1061 1101 1124 quem
1129 1064 1270 1108 errorem

143 1143 321 1226 permirum
351 1142 418 1204 iarn
447 1140 622 1204 Pettavius
655 1139 697 1205 ad
727 1141 749 1204 1.
776 1139 798 1204 l.
825 1165 867 1226 p„
880 1143 943 1205 423
974 1143 1143 1225 refutavit,
1174 1166 1269 1210 nemo

144 1248 232 1307 certe
255 1245 320 1308 erit
343 1243 422 1328 quin
446 1241 602 1308 exsibilet
626 1248 725 1327 atque
749 1242 916 1328 explodat.
940 1283 981 1292 -

227 1345 356 1410 Deinde
379 1347 517 1411 verbum
538 1353 718 1431 μεγαίρω
741 1345 935 1410 Salaminiis
955 1343 1087 1432 Cypriis
1102 1349 1270 1433 peculiare

142 1447 248 1512 tradit
276 1447 385 1514 Schol.
415 1447 510 1512 Hom.
539 1453 574 1513 N
594 1449 671 1512 563:
703 1448 857 1513 cohaeret
887 1469 960 1514 cum
986 1457 1094 1532 μέγας,
1127 1452 1270 1538 *μεγαρο
1356 1441 1361 1457 ’

142 1580 188 1608 =
207 1552 340 1632 μεγαλο,
365 1551 405 1614 01.
427 1550 620 1614 Β111111101111.
643 1549 750 1614 Lexil.
774 1551 800 1632 I,
825 1551 895 1615 258.
936 1549 1122 1618 01111509.
1166 1553 1271 1640 Hesy-

144 1653 237 1719 chius
260 1655 346 1718 hanc
368 1674 497 1738 quoque
515 1651 662 1740 glossam
680 1675 875 1718 enumerans
894 1652 1073 1719 dialectum
1090 1679 1156 1720 non
1174 1680 1271 1744 appo·

145 1758 214 1821 suit
236 1756 335 1842 idque
359 1777 432 1820 cum
454 1756 592 1821 verbum
613 1762 781 1841 μεγαίρειν
808 1757 953 1821 omnium
981 1755 1183 1824 Graecorum
1206 1761 1272 1825 fue-

145 1861 206 1940 rit,
244 1881 304 1924 suo
345 1858 440 1924 credo
471 1859 558 1922 iure:
599 1859 667 1922 iam
697 1880 775 1924 vero
813 1859 962 1942 sequitur
995 1858 1039 1945 gl.
1071 1868 1272 1949 μαγαίρω·

148 1967 304 2045 φθονῶ,
329 1983 413 2047 quae
436 1961 498 2026 hoc
521 1959 653 2044 quidem
675 1959 748 2026 loco
773 1960 920 2026 ordinem
942 1961 1037 2026 foede
1060 1962 1175 2044 laedit,
1199 1965 1273 2048 ipsa

149 2069 260 2128 tamen
286 2087 345 2150 per
372 2085 424 2144 se,
456 2084 529 2127 cum
557 2086 577 2128 α
599 2063 782 2149 principale
812 2064 864 2145 (cf.
887 2085 976 2149 mag·
998 2087 1060 2128 nus
1084 2063 1174 2130 Ourt.
1198 2069 1272 2149 306)

153 2172 315 2251 superstes
338 2169 392 2248 sit,
415 2187 456 2229 ne
478 2166 649 2230 minimum
669 2164 800 2249 quidem
823 2165 925 2230 habet
944 2165 1174 2231 dubitationis.
1206 2167 1273 2231 Ita-

154 2289 215 2352 que
236 2268 364 2335 fallitur
385 2267 551 2347 Musurus,
575 2269 631 2351 qui
649 2272 687 2331 ut
706 2266 854 2332 ordinem
872 2268 907 2330 in
924 2268 1092 2354 integrum
1106 2271 1273 2351 restituat,

151 2372 292 2435 correxit
313 2377 472 2456 μεγαίρωε
500 2369 612 2454 potius
640 2368 754 2455 glossa
784 2367 845 2432 illa
867 2372 1066 2455 perantiqua
1089 2393 1162 2436 cum
1186 2378 1274 2436 ante·

149 2472 284 2538 cedente
307 2495 406 2558 quam
429 2472 614 2536 arctissime
637 2470 821 2557 copulanda
845 2476 944 2556 atque
967 2472 1109 2538 dialecto
1133 2475 1275 2539 fortasse

33 2631 36 2639 ,
147 2573 415 2656 Salaminiorum,
445 2597 525 2658 quos
554 2577 681 2640 vetusti
708 2596 810 2659 apro
834 2597 850 2638 ε
877 2578 1009 2640 tenaces
1033 2577 1136 2642 fuisse
1160 2579 1275 2642 statim

149 2677 458 2757 demonstrabimus,
481 2675 682 2742 vindicanda
705 2683 764 2742 est.
798 2677 1015 2745 Scribendum
1033 2680 1138 2765 igitur
1158 2701 1274 2746 censeo

147 2787 331 2866 μεγαίρειν·
356 2785 508 2865 φθονεῖν,
527 2784 650 2868 ζηλοῦν.
668 2787 851 2865 στερίσκειν
862 2832 950 2845 .....
966 2787 1130 2866 μαγαίρω·
1146 2788 1274 2866 φθονῶ,

149 2905 233 2966 quae
256 2883 386 2965 lacuna,
409 2885 438 2948 si
462 2883 663 2948 scholiastae
685 2885 877 2948 testimonio
900 2885 998 2948 nixus
1017 2882 1166 2970 glossam
1183 2883 1276 2950 Sala·

147 2987 325 3052 miniorum
344 3008 416 3052 esse
434 3009 511 3052 vere
530 2988 687 3072 suspicor,
707 2985 870 3070 explenda
889 2990 939 3048 est
957 2987 1151 3067 Σαλαμίνιοι
1170 2987 1214 3052 δὲ.
1235 3026 1276 3038 -—

233 3089 296 3154 His
318 3091 401 3176 ipsis
419 3089 606 3174 Hesychius
630 3089 749 3155 tribuit

234 3191 431 3274 κάδαμος·
450 3191 609 3276 τυφλός.
635 3193 874 3271 Σαλαμίνιοι
898 3188 980 3272 (cod.
998 3188 1153 3255 mendose
1177 3193 1274 3256 σαλα-

146 3301 248 3374 μινοί,
278 3316 338 3359 em.
367 3295 514 3378 Musur.).
559 3291 761 3359 Schmidtius
790 3291 863 3356 coll.
891 3291 1039 3356 Bekkeri
1068 3291 1193 3357 Anecd.
1221 3293 1274 3356 ΠΙ

146 3418 179 3479 p.
206 3397 286 3461 1095
315 3393 428 3472 ἀλαός·
461 3397 593 3481 zvara,
626 3395 712 3481 quod
740 3393 899 3481 Cyprium
930 3395 977 3461 ibi
1008 3394 1209 3480 perhibetur,
1242 3402 1275 3459 et

147 3495 227 3560 Hes.
250 3494 384 3574 κᾶλαός·
414 3499 548 3584 τυφλός,
572 3498 659 3584 qnod
682 3497 721 3564 G.
744 3497 895 3562 Dindorf.
919 3497 954 3560 in
976 3497 1071 3560 Thes.
1094 3497 1153 3578 IV,
1177 3495 1274 3561 8680

151 3603 184 3662 et
211 3599 355 3666 Meinek.
382 3601 503 3666 Philol.
531 3601 599 3683 111,
630 3603 688 3667 321
725 3592 771 3666 ex'
790 3601 887 3666 Hom.
915 3604 941 3663 1
969 3601 1029 3663 195
1060 3622 1119 3684 pro
1153 3598 1274 3664 codicis

148 3703 315 3788 scriptura
342 3705 461 3779 καλαός
488 3706 715 3785 restituerunt,
742 3707 892 3768 nostram
915 3724 1043 3787 quoque
1065 3701 1212 3787 glossam
1235 3723 1275 3766 ex

147 3804 252 3868 schol.
275 3805 371 3872 Hom.
394 3807 531 3870 fluxisse
554 3808 741 3891 suspicatur
770 3806 887 3870 etheo
910 3826 1038 3892 quoque
1060 3803 1132 3867 1000
1155 3799 1275 3877 adicis

146 3907 360 3974 scribendum
382 3913 489 3995 putat.
533 3907 599 3974 Sed
628 3911 698 3974 iure
727 3911 865 3973 miretur
887 3908 1059 3991 quispiam,
1083 3926 1139 3969 cur
1161 3903 1276 3968 eadem

146 4008 273 4096 glossa,
308 4033 392 4096 quae
420 4010 528 4076 ordini
559 4010 621 4075 hoc
651 4010 723 4076 loco
756 4033 880 4075 summo
913 4029 1011 4092 opere
1041 4008 1275 4093 refragaretur,

145 4113 203 4179 bis
232 4115 274 4180 ab
305 4115 473 4200 Hesychio
501 4113 607 4178 allata
636 4102 737 4197 atque
758 4135 824 4178 vox
847 4111 998 4175 omnibus
1023 4111 1203 4174 communis
1231 4112 1276 4172 in-

1036 4217 1050 4262 3
1057 4213 1072 4244 ἃ·
