2862 4668
606 351 818 414 ,37-

61 571 69 578 .
147 523 229 604 ποιῇ
262 520 307 600 (ν.
330 517 476 584 Lobeok.
499 517 596 582 Path.
619 518 670 582 El.
693 519 720 600 I,
743 521 823 602 108).
878 517 1010 586 Similia
1041 522 1102 586 sub
1136 515 1175 584 ἄν
1199 516 1228 585 δ’
1254 543 1274 586 α

147 645 178 707 p.
203 623 242 686 21
267 621 603 686 oommemoravimus.
627 659 669 672 —-

234 724 275 787 In
296 723 456 788 novioia
480 721 656 788 dialeoto
679 747 699 788 α
727 747 786 810 pro
809 723 899 811 vulg.
923 747 939 789 e
963 725 1094 810 saepius
1118 725 1274 789 oeourrit:

151 826 200 888 sio
227 824 442 890 adnotatione
468 827 611 891 maxime
635 825 737 913 digna
764 832 815 892 est
836 827 1041 913 praepositio
1065 822 1111 893 ἂν
1133 849 1200 913 pro
1224 825 1274 904 ἐν,

153 950 250 1011 quam
271 933 400 993 veteres
423 927 540 1014 Cyprii
562 930 597 993 in
619 929 650 994 ἰν
673 935 852 995 extenuare
876 929 1041 995 solebant:
1065 929 1159 994 velut
1182 924 1274 1010 dyna-

151 1031 212 1095 λὲω
233 1059 275 1086 =
296 1029 435 1112 ἐγκαλέω
460 1032 563 1118 (oypr.
587 1036 651 1096 vet.
674 1031 855 1118 ἰνκαλήζω),
888 1031 952 1097 alb.
976 1030 1136 1113 s'yyatare.
1182 1031 1274 1107 Quae

150 1133 255 1197 forma
277 1133 361 1196 satis
383 1133 548 1200 mirabilis
564 1135 763 1198 sanseritum
787 1155 841 1197 an·
859 1138 921 1213 tar,
945 1135 1127 1200 oso-umbr.
1151 1137 1275 1198 anter

148 1235 184 1298 in
205 1239 349 1299 mentem
371 1240 515 1301 revooat.
552 1236 638 1300 Item
661 1232 881 1317 ᾶθθνμοῦμαι
899 1258 957 1322 per
980 1235 1273 1316 assimilationem,

76 1374 81 1384 ·
147 1341 212 1402 vet.
228 1334 436 1419 ἐνθνμαῦμαι
455 1341 517 1422 (ex.
536 1361 584 1424 gr.
604 1333 802 1419 ἆθθαμᾶααι
822 1336 947 1402 Sakell.
967 1334 1044 1424 ᾀσμ.
1065 1342 1093 1418 7,
1113 1341 1141 1418 7,
1160 1342 1275 1403 eontra

147 1437 335 1520 ἐνθνμᾶσαι
361 1438 454 1504 Pass.
477 1442 549 1521 403,
574 1444 591 1504 7
616 1439 752 1504 dialeoti
780 1464 846 1505 non
868 1441 985 1507 habita
1011 1441 1141 1505 ratione
1163 1441 1274 1505 iustis-

148 1543 254 1624 sima).
289 1543 430 1608 Prorsus
455 1542 567 1608 eodem
584 1541 681 1608 modo
704 1544 739 1606 in
756 1544 961 1610 Rhodiorum
979 1542 1122 1608 dialecto
1141 1540 1274 1628 Cypriis

147 1643 319 1708 simillima
346 1640 487 1731 ἆγκόρφι
509 1675 551 1702 =
574 1643 748 1726 ἐγκόλπιον
772 1647 834 1730 (Zt.
856 1647 930 1728 XV,
956 1647 1044 1729 147);
1073 1645 1196 1711 calabr.
1220 1667 1275 1710 an·

147 1749 236 1832 tropi
251 1748 344 1830 (item
361 1767 451 1833 oypr.
468 1744 629 1835 ἀντροπή,
648 1750 687 1813 of.
703 1745 780 1834 ᾇσμ.
798 1752 847 1827 11,
859 1751 908 1813 64.
929 1752 1013 1814 δίαν.
1028 1751 1079 1813 96.
1104 1746 1224 1830 αἷνίγμ.
1241 1750 1273 1830 2)
1396 1833 1398 1838 Ι

147 1878 189 1904 =
215 1847 378 1935 ἐντροπή;
410 1850 530 1914 antara
559 1878 602 1904 =
631 1849 747 1938 ἔντερα
776 1851 913 1934 (Morosi
940 1875 970 1937 p.
993 1851 1062 1932 97),
1096 1848 1185 1934 quod
1216 1853 1275 1913 sot.

149 1955 266 2016 antara
293 1950 336 2015 ad
364 1953 523 2017 amussim
554 1953 739 2038 respondet.
783 1953 877 2018 Idem
903 1955 971 2018 fere
999 1953 1035 2016 in
1061 1973 1151 2038 cypr.
1184 1947 1275 2016 ἀντε-

151 2059 329 2140 ροσφίχτης
351 2054 543 2140 ‚‚oingulus“
572 2056 593 2119 i.
624 2077 649 2118 e.
678 2054 934 2142 ἐντεροσφίκτης
960 2055 1072 2119 habes.
1125 2055 1213 2118 Item
1241 2054 1276 2117 in

151 2153 266 2240 lingue
281 2157 442 2221 oommuni
465 2151 612 2241 ἅντεραν,
637 2153 877 2238 ἁπαντνχαίνω,
902 2153 1031 2238 ἆντάμα
1054 2158 1077 2219 i.
1097 2178 1122 2220 e.
1146 2155 1181 2220 ἐν
1203 2158 1275 2242 ταῖν)

153 2247 221 2338 ἅμα
243 2263 344 2337 ‚,una“
366 2257 515 2346 Duoang.
540 2255 613 2325 Oor.
628 2255 686 2324 ’Άα
705 2259 750 2340 Π,
775 2261 844 2323 124.
880 2259 1064 2336 Pass480,
1085 2259 1132 2322 10.
1165 2253 1276 2339 ἇγγόνι

150 2365 288 2445 ,‚nepos“
318 2361 423 2444 (Pass.
448 2364 525 2442 214,
549 2364 581 2444 4)
610 2363 705 2427 iuxta
730 2359 849 2442 ἐγγόνι,
882 2359 924 2424 al.
952 2360 1131 2424 Praeterea
1165 2363 1276 2423 autem

149 2459 281 2549 Cypriis
300 2465 401 2528 etiam
419 2462 454 2529 ἐν
472 2465 507 2528 in
522 2487 584 2529 usu
603 2469 662 2544 est,
678 2463 770 2529 velut
788 2462 919 2540 ἐντύνω,
938 2466 1003 2527 vet.
1019 2459 1132 2528 ἐνδύω.
1164 2459 1274 2547 ἐγκαρ-

148 2566 261 2641 διακός
292 2590 312 2630 a
344 2571 408 2632 vet.
440 2564 621 2652 ἕγκάρδιοςε
658 2571 773 2633 oontra
803 2587 914 2632 zaoon.
947 2559 1103 2647 ὄγγιονμα
1133 2594 1175 2620 =
1209 2568 1274 2628 vet.

149 2668 272 2750 ἔνδυμα
296 2668 432 2754 (Devill.
455 2693 486 2754 p.
511 2671 559 2732 59.
602 2668 744 2733 Deffner.
768 2667 862 2733 Stud.
885 2669 944 2748 IV,
968 2668 1063 2748 299.)

233 2770 361 2836 Eadem
383 2772 595 2856 antiquitatis
619 2772 763 2857 vestigia
785 2771 990 2858 praepositio
1014 2790 1102 2854 oypr.
1127 2765 1167 2843 ἆξ
1181 2796 1223 2822 =
1240 2765 1276 2843 ἐξ

148 2873 276 2938 indioat
307 2876 360 2957 (of.
394 2895 448 2939 ass
480 2875 551 2938 sive
582 2894 619 2936 as
649 2874 685 2937 in
715 2874 938 2940 Hibernorum
969 2875 1119 2936 veterum
1149 2869 1275 2954 lingua,

149 2976 260 3041 Zeusa
285 2975 431 3042 Gramm.
456 2974 560 3041 ssew
583 2999 613 3060 p.
633 2977 694 3039 632
718 2978 789 3059 sq.),
812 2969 1069 3050 velut-deonna
1088 2999 1130 3062 -ς
1148 2970 1277 3054 ἔξαφνα

149 3077 290 3163 (ἔξαφνα
323 3080 431 3145 solum
462 3081 496 3143 in
529 3078 672 3142 oarmine
699 3077 881 3142 Sakellarii
907 3099 958 3141 no.
986 3074 1040 3155 25,
1063 3076 1117 3157 36)
1166 3073 1276 3140 alban.

150 3175 283 3264 ἀξάφνα
314 3183 384 3247 sive
416 3186 520 3266 ξαφνί
546 3202 605 3265 per
636 3180 833 3266 aphaeresin
864 3180 916 3263 (of.
943 3178 1021 3242 Hes.
1050 3173 1154 3260 ἄφνω,
1185 3175 1276 3262 vulg.

149 3280 308 3370 ἐξαίφνης
329 3285 350 3348 i.
374 3306 400 3348 e.
423 3281 471 3360 ἒξ·
494 3307 555 3367 αφ·
579 3305 649 3370 ινης
672 3304 745 3348 oum
768 3282 966 3369 epenthesi);
989 3281 1069 3344 item
1088 3277 1221 3362 ἄξαφνα
1243 3279 1278 3342 in

149 3383 237 3469 Syra
259 3385 369 3451 insula
391 3387 486 3450 iuxta
510 3382 677 3470 ὄξα(φ)να,
700 3385 767 3450 vid.
786 3385 872 3450 Jean
889 3381 960 3449 Pio'
974 3383 995 3446 l.
1014 3381 1036 3445 1.
1060 3405 1091 3467 p.
1116 3384 1143 3443 7.
1168 3382 1216 3444 22.
1236 3417 1277 3426 —-

148 3487 278 3552 Deinde
311 3509 399 3574 oypr.
431 3484 612 3570 ἇξάγκωνα,
643 3510 715 3573 ngr.
748 3485 912 3569 ἕξάγκωνα
945 3483 1084 3570 (Sakell.
1114 3483 1205 3563 237),
1238 3482 1277 3545 of.

151 3593 215 3654 vet.
252 3589 512 3673 ἕξαγκωνιζομαι.
548 3629 582 3638 --
624 3586 762 3675 ἇβκολία
797 3588 903 3670 ,‚elix“
933 3610 992 3674 per
1022 3586 1210 3651 litterarum
1237 3589 1278 3666 κβ

149 3693 445 3776 transpositionem
466 3692 626 3758 hodierno
649 3692 793 3758 sermoni
816 3678 851 3754 in
868 3691 1059 3755 universum
1076 3685 1279 3773 peouliarem

150 3798 193 3878 (v.
222 3791 294 3858 Gor.
319 3790 376 3858 Ἄτ.
400 3795 434 3874 Ι,
466 3797 537 3877 165)
560 3825 604 3851 =
626 3791 810 3879 *ἀκ-βολια,
838 3791 994 3877 apaten,
1023 3791 1062 3854 of.
1085 3789 1164 3853 Hes.
1188 3786 1277 3872 ἐκβα-

148 3895 222 3969 aar·
250 3901 288 3982 γῆ
311 3897 430 3980 χωστή.
467 3895 553 3960 Item
575 3863 698 3963 dalabr.
728 3898 791 3961 afs-
820 3889 1212 3974 αάαα1ὸεέξαδελφός,
1236 3890 1278 3955 al.

147 3998 314 4085 Morosip.
328 4001 378 4064 97.
412 3996 567 4084 Elingua
583 3999 746 4063 communi
757 3993 988 4063 eonferendum
1000 3990 1153 4076 ἆγναντία
1163 3993 1279 4073 „exad-

150 4105 302 4166 versum“
317 4103 337 4165 i.
347 4123 373 4165 e.
385 4099 420 4166 ἐκ
430 4100 565 4179 ’voerta
576 4099 612 4178 ἐξ
624 4098 773 4174 ἐναντίας
785 4099 945 4183 (Duoang.
958 4119 983 4161 s.
995 4120 1026 4162 v.
1036 4096 1174 4162 Passov.
1184 4095 1279 4180 Ind.).
