2862 4668
600 342 793 403 ..9-

28 510 39 572 1
124 516 159 600 jo
142 513 185 578 od
215 509 340 576 millies
372 515 528 574 tueantur
559 511 672 593 itaque
708 510 832 574 veteris
868 509 1002 596 linguae
1037 510 1259 594 cognitionem

24 643 39 676 1
129 621 282 680 nostram
305 613 437 698 saepius
459 632 610 675 mancam
634 616 668 675 et
689 611 841 675 mutilam
866 610 1052 696 compleant
1075 613 1259 676 certiorem-

36 769 37 772 .
132 739 196 802 que
218 718 354 796 faciant,
377 715 495 778 summi
516 714 614 779 nobis
636 715 796 779 momenti
819 734 857 776 ac
874 712 1030 798 ponderis
1055 718 1132 786 sunt
1153 735 1258 798 neque

131 820 202 885 ullo
239 817 334 882 modo
370 815 573 901 spernendae
608 837 668 879 nec
704 814 949 902 despiciendae:
987 814 1064 878 inde
1101 821 1259 899 quantum

13 977 18 991 .
134 922 219 986 lucis
242 919 346 986 veteri
369 919 512 983 sermoni
535 917 704 1004 affulgeat,
727 919 878 1004 inprimis
901 916 939 980 L.
957 915 1097 981 Rossius
1121 917 1261 998 „Reisen

134 1024 194 1087 auf
213 1021 243 1085 d.
266 1021 387 1108 griech.
410 1021 542 1085 Inseln“
565 1020 630 1084 vol.
648 1020 703 1083 HI
724 1043 755 1106 p.
781 1021 840 1085 155
864 1041 934 1104 sqq.
958 1019 1099 1104 aliisque
1121 1019 1203 1084 locis
1228 1025 1261 1084 et

33 1156 36 1186 1
131 1124 170 1187 Ε.
202 1121 336 1188 Curtius
367 1124 403 1186 in
435 1121 528 1188 cett.
558 1121 680 1187 Nachr.
712 1126 792 1188 1857
824 1145 876 1187 no.
904 1124 944 1186 22
976 1123 1047 1186 iure
1078 1123 1261 1207 meritoque

18 1241 36 1301 1
130 1224 367 1311 praedicarunt
399 1229 432 1288 et
464 1225 628 1288 accuratis
663 1225 899 1310 frugiferisque
935 1225 1185 1308 quaestionibus
1221 1223 1261 1288 de
1321 1219 1323 1228 '
1372 1241 1374 1244 ·

29 1365 35 1392 1
131 1326 275 1412 singulis
298 1325 451 1390 dialectis
476 1331 509 1390 et
531 1326 648 1413 lingua
665 1326 799 1413 vulgari
817 1327 1029 1409 antiquitatis
1048 1328 1261 1391 tenacissima

20 1449 33 1507 q
131 1429 315 1492 recentiore
350 1434 498 1514 tempore
533 1429 659 1494 habitis
695 1427 880 1494 luculenter
917 1430 1167 1512 comprobatum
1200 1435 1260 1492 111.

24 1551 33 1610 '2
131 1531 251 1614 Itaque
278 1530 316 1594 fit
346 1535 385 1595 ut
417 1531 593 1617 analogiae
621 1552 639 1594 1
665 1531 796 1595 novicia
824 1528 1016 1594 Graecitate
1048 1529 1261 1617 depromptae
1348 1581 1351 1587 .

20 1655 33 1710 q
133 1633 240 1697 veteri
263 1633 406 1696 sermoni
428 1632 503 1718 plus
531 1627 633 1697 semel
660 1655 726 1697 non
748 1633 908 1696 minorem
930 1631 1076 1698 habeant
1098 1634 1166 1698 vim
1189 1655 1261 1718 pro·
1355 1718 1356 1722 Ἰ

13 1777 31 1819 33
133 1733 237 1801 bandi
265 1757 363 1819 quam
392 1733 492 1800 dubia
525 1734 686 1820 quaedam
717 1736 938 1821 posteriorum
971 1735 1262 1820 grammaticorum

17 1856 30 1923 q
126 1837 335 1911 testimonia.

220 1939 297 2003 Jam
329 1959 408 2004 vero
439 1939 514 2024 ipsa
546 1941 582 2004 in
613 1939 756 2028 dialecto
788 1939 1005 2024 neocypria
1037 1943 1071 2002 et
1096 1937 1261 2004 vocabula

19 2080 28 2128 p
134 2042 248 2126 prisea
275 2042 316 2105 ab
344 2039 420 2104 aliis
449 2040 601 2106 dialectis
632 2041 786 2105 alienae
810 2063 937 2105 summa
964 2042 1166 2124 antiquitate
1188 2039 1262 2102 reli-

13 2195 28 2240 J
137 2144 231 2228 giose
254 2147 435 2224 servantur,
459 2165 542 2227 quae
561 2143 683 2230 glossis
702 2143 923 2226 Hesychianis
946 2143 1054 2207 lucem
1075 2141 1164 2206 haud
1186 2163 1261 2205 raro

22 2223 26 2333 ζ
137 2243 351 2330 suppeditant
372 2246 597 2326 iustissimam,
630 2250 663 2310 et
685 2245 830 2330 vestigia
852 2246 957 2330 ipsius
980 2245 1102 2310 ueteris
1126 2243 1263 2306 dialecti

15 2393 25 2439 g
136 2347 270 2412 obviam
291 2345 382 2427 fiunt,
410 2349 530 2431 quibus
558 2347 689 2412 collatis
716 2369 872 2433 magnam
899 2347 1084 2433 glossarum
1108 2344 1262 2409 difficilli-

133 2471 262 2514 marum
285 2448 405 2514 silvam
429 2449 600 2514 enucleare
624 2455 723 2534 atque
746 2449 885 2514 facilius
895 2449 1049 2535 persequi
1071 2469 1262 2532 possumus:

13 2589 21 2647 q
135 2549 254 2614 deinde
275 2571 354 2615 vero
378 2553 600 2636 proprietates
624 2557 658 2616 et
679 2551 869 2617 litterarum
890 2551 1148 2630 immutationes,
1180 2573 1262 2634 quas

15 2715 20 2742 N
135 2651 277 2716 dialecto
296 2655 404 2716 veteri
421 2653 655 2736 adscribamus
678 2656 713 2718 in
730 2655 862 2720 novicia
881 2659 994 2740 aperte
1016 2653 1263 2738 conspiciuntur

14 2815 18 2842 Η
138 2753 299 2818 adunam
322 2755 390 2819 fere
414 2778 525 2820 omnes
550 2779 685 2842 eamque
717 2759 758 2824 ob
783 2778 934 2822 caussam
956 2754 1113 2820 iudicium
1137 2755 1176 2818 de
1202 2755 1263 2820 illa

13 2931 15 2936 ,
138 2855 318 2922 admittunt
342 2859 562 2923 certissimum
585 2881 624 2923 ac
645 2861 878 2924 firmissimum.

13 3041 14 3056 ζ
221 2958 271 3024 De
294 2958 437 3026 dialecto
461 2963 640 3047 neocypria
662 2963 788 3047 primus

13 3129 15 3160 l
134 3061 246 3139 Ross.
291 3061 409 3142 „Reise
435 3062 576 3144 nachd
604 3062 697 3126 Insel
719 3061 858 3148 Cypern.
903 3061 1054 3128 Februar
1080 3060 1148 3126 und
1169 3061 1262 3126 M'arz

291 3111 632 3247 1845“(1111111111111
661 3163 725 3230 vol.
748 3165 806 3246 IV
837 3164 1077 3250 Hal.18152p.
1102 3166 1180 3228 81-
1187 3167 1261 3245 212)

282 3266 449 3331 nonnulla
472 3266 598 3346 docuit;
623 3265 740 3331 deinde

13 3342 14 3350 ¹
134 3368 425 3452 Myrianthes
417 3392 451 3432 m
477 3368 648 3434 Philistor.
679 3369 743 3434 vol.
774 3368 886 3455 HIp.
913 3371 976 3434 433
1005 3391 1074 3453 sqq
1108 3371 1169 3434 535
1193 3392 1262 3454 sqq

288 3471 347 3551 IV,
371 3474 434 3535 427
458 3493 531 3555 sqq.
555 3470 629 3536 coll.
657 3497 688 3558 p.
711 3474 774 3536 480
801 3471 932 3558 glossas
962 3471 1122 3556 quasdam
1147 3493 1263 3556 neocy-

288 3574 378 3658 prias
403 3576 622 3656 coacervavit,
655 3582 791 3660 quarum
814 3577 944 3658 partem
967 3573 1030 3636 uh.
1053 3573 1167 3637 Kind.
1212 3575 1262 3636 Zt.

289 3676 310 3737 f.
339 3675 406 3760 ugl.
435 3675 520 3760 Sprf.
548 3677 616 3741 XV
643 3701 673 3762 p.
707 3677 879 3740 lta—191
917 3679 951 3739 et
981 3675 1078 3739 Jahn.
1123 3676 1262 3742 Jahrbb.

289 3775 354 3840 vol.
388 3781 428 3840 96
461 3801 491 3862 p.
529 3780 588 3843 113
621 3801 690 3863 sqq.
724 3779 896 3864 excerpsit.
948 3776 1099 3861 Denique
1136 3777 1264 3861 aliquot

290 3883 367 3942 ante
391 3880 485 3942 annis

132 3980 393 4046 Sakellarios
413 3979 462 4045 Τὰ
479 3980 663 4066 Κυπριακά,
679 3981 753 4063 crin.
772 3980 826 4044 HI
849 3979 909 4063 „‘H
924 3981 958 4046 ἐν
973 3981 1096 4068 Κύπρῳ
1114 3985 1264 4065 γλῶσσοειι

291 4104 362 4147 cunr
390 4080 561 4170 Δημοτικά
584 4089 741 4169 Κυπρίων
769 4078 911 4169 ᾄσματα,
940 4068 1078 4170 quorum
1104 4085 1265 4150 nonnulla
