2862 4668
672 287 884 347 -76-

212 455 334 528 statuit
350 475 409 539 pro
426 449 581 530 ἀναθεῖν,
603 455 643 518 of.
661 454 740 518 Hes.
760 464 845 520 σεῑν·
866 454 944 518 θεῖν
965 453 1131 527 Λάκωνες.
1149 459 1210 538 σῆ·
1238 457 1363 536 τρέχε

214 559 285 622 sim.
328 554 377 619 At
406 556 492 620 enim
520 576 593 618 cum
615 555 738 640 glossa,
765 577 864 640 quam
890 577 956 620 non
979 575 1039 620 suo
1061 554 1134 620 loco
1158 575 1239 618 esse
1269 553 1363 616 dixi

213 681 301 734 mus,
334 657 443 723 ordini
470 658 660 742 refragatur
690 657 829 742 ideoque
861 659 935 744 ipsa
965 679 1024 743 per
1054 679 1089 721 se
1116 657 1363 742 suspicionem

213 765 325 829 movet
354 757 444 822 haud
475 760 643 845 exiguam3
681 765 753 823 tum
784 781 877 840 vero,
909 759 997 844 quod
1029 759 1166 823 maximi
1206 755 1363 822 videtur

213 861 369 948 ponderis
402 865 502 945 atque
538 863 709 942 momenti,
748 883 789 925 ne
827 861 1033 926 levissimum
1068 860 1204 946 quidem
1247 859 1363 921 huius

213 964 403 1028 litterarum
424 965 680 1048 permutationis
710 963 798 1049 apud
827 965 1023 1029 Tarentinos
1047 961 1221 1048 detegitur
1245 961 1363 1026 vesti-

214 1067 319 1152 gium,
351 1070 389 1128 ut
418 1062 559 1130 Ahrens.
586 1066 635 1146 H,
663 1067 703 1131 66
730 1087 800 1150 sqq.
831 1065 1005 1152 permultis
1036 1066 1170 1151 egregie
1209 1063 1359 1127 demon-

215 1168 348 1232 stravit.

299 1269 407 1335 Valde
426 1270 544 1335 deinde
562 1270 690 1335 labitur
708 1270 810 1334 etiam
828 1270 974 1355 Krampe
994 1269 1024 1332 d.
1044 1268 1121 1332 dial.
1139 1267 1222 1332 Lac.
1243 1291 1283 1352 p.
1306 1268 1357 1345 53,

216 1372 273 1456 qni
299 1371 423 1436 ordinis
451 1371 572 1437 violati
600 1371 770 1436 immemor
797 1371 944 1458 glossam
965 1371 1155 1436 Laconibus
1184 1389 1357 1454 praepro-

215 1495 293 1559 pere
316 1473 450 1544 addicit.
494 1473 610 1558 Neque
633 1475 741 1561 magis
764 1473 983 1538 Valckenaer.
1007 1473 1050 1537 ad
1072 1473 1208 1537 Theoer.
1234 1469 1357 1536 Adon.

215 1599 246 1661 p.
269 1574 367 1640 2850
399 1577 516 1648 seriem
547 1575 736 1640 litterarum
766 1577 926 1655 restituit,
958 1595 1031 1639 cnm
1058 1579 1170 1640 amoto
1198 1574 1354 1654 ethnico,

216 1677 305 1762 quod
330 1677 412 1758 alio,
430 1679 572 1742 forsitan
595 1676 638 1741 ad
656 1678 701 1764 gl.
724 1699 955 1764 praegressam
973 1673 1208 1765 ἀνασκολύψας
1226 1697 1353 1740 revera

215 1780 379 1866 pertinet,
416 1781 631 1866 sagacissime
663 1785 697 1843 et
728 1781 913 1844 sententiae
945 1777 1077 1863 quidem
1108 1779 1351 1844 convenienter

216 1883 352 1968 scripsit
374 1877 540 1968 ἀνᾴσσειν.
576 1881 647 1946 Imo
665 1887 704 1945 ut
722 1882 808 1946 alias
827 1883 1041 1947 coniecturas·
1055 1883 1239 1960 mittamus
1263 1879 1345 1944 ordo

214 1983 301 2048 nihil
332 1982 424 2048 aliud
454 1985 563 2068 poscit
593 1985 659 2048 nisi
689 1979 858 2049 ἀνασόειν;
886 2007 903 2047 ο
932 1985 1018 2066 enim
1046 1987 1123 2068 post
1150 1983 1342 2048 clitteram

216 2088 387 2170 ((ΟΕΙΝ)
424 2087 459 2150 in
492 2085 603 2152 codice
633 2087 672 2150 ut
703 2107 937 2172 saepenumero
969 2085 1101 2150 excidit.
1154 2085 1232 2150 Jam
1260 2104 1334 2147 vero

215 2185 381 2266 ἀνασόειν,
412 2189 479 2253 nisi
506 2187 586 2273 quid
607 2209 659 2252 me
681 2187 785 2269 fallit,
816 2186 975 2274 Cyprium
997 2193 1049 2252 est
1069 2211 1129 2273 pro
1153 2181 1332 2252 ἀνασούειν

218 2289 299 2372 (rad.
324 2309 379 2366 συ,
406 2295 466 2354 sot.
490 2295 542 2370 su,
566 2291 717 2372 suu-ati),
745 2311 830 2374 quae
852 2292 958 2355 forma
980 2291 1092 2354 activa
1114 2293 1245 2375 praeter
1268 2291 1336 2350 σοῦ-

198 2397 311 2468 σθαι,
335 2391 403 2456 dor.
428 2397 561 2457 σῶσθαι
578 2421 620 2447 =
639 2387 876 2456 ἀνα-σεύεσθαι
895 2392 982 2478 apud
1000 2392 1235 2477 grammaticos
1253 2390 1338 2452 iuve-

217 2495 317 2574 nitur,
348 2493 387 2556 cf.
409 2494 488 2558 Hes.
517 2500 710 2575 παρέσσνα·
738 2493 963 2580 παρώρμησατ
991 2494 1043 2556 cui
1072 2495 1338 2578 interpretamen-

217 2601 289 2658 tum
312 2590 542 2678 ἀναφέρεσθαι
572 2595 708 2658 mediali
736 2595 891 2660 efferendi
914 2599 1013 2680 atque
1036 2595 1185 2681 erigendi
1206 2595 1338 2660 notione

219 2697 345 2762 dictum
366 2697 455 2761 iuste
478 2717 517 2760 ac
538 2697 641 2782 probe
665 2698 827 2762 convenit.

302 2798 429 2863 Eadem
459 2798 561 2884 stirps
594 2801 736 2883 oo(ooF)
767 2801 803 2864 in
835 2801 947 2866 verbis
985 2798 1176 2885 compositis
1204 2797 1337 2884 linguae

219 2902 379 2987 vulgaris
407 2900 501 2966 velut
522 2901 709 2978 κννοσσόοι,
740 2902 901 2968 λαοσσόον
919 2901 961 2966 al.
986 2902 1107 2966 clarius
1130 2900 1336 2984 conspicitur.

218 3003 369 3067 indidem
393 3007 525 3068 constat
546 3002 652 3067 lacon.
676 2999 850 3068 ἀπέσσοοα
871 3003 926 3069 vel
947 3004 1059 3089 potius
1083 2997 1332 3067 dusacensis.

221 3100 373 3190 ἀπεσσύη
398 3105 559 3190 (Xenoph.
582 3105 669 3168 Hell.
692 3105 718 3185 I,
743 3110 770 3186 1,
794 3107 843 3170 23.
878 3106 1040 3172 Valcken.
1057 3102 1167 3169 Adon.
1183 3125 1213 3188 p.
1223 3100 1332 3182 264A)

221 3204 382 3288 originem
418 3204 553 3286 ducere,
590 3229 654 3290 quo
692 3207 732 3270 de
767 3230 902 3292 prorsus
939 3208 1038 3272 aliter
1073 3205 1204 3289 quidem
1234 3203 1329 3266 sentit

221 3303 361 3368 Ahrens.
390 3304 442 3384 II,
472 3308 532 3369 147
569 3329 674 3391 neque
709 3315 822 3373 tamen
856 3309 1047 3394 persuadet:
1086 3309 1159 3372 iure
1194 3301 1343 3385 defendit¹

221 3405 344 3491 Bergk.
362 3407 398 3468 in
419 3406 545 3470 Diariis
567 3406 682 3494 Antiq.
707 3412 787 3474 1852
809 3434 840 3496 p.
860 3414 880 3476 9
903 3433 972 3495 sqq.
1006 3408 1053 3474 Of.
1075 3410 1155 3473 Hes.
1178 3409 1321 3474 διεοοῦιο·

223 3506 374 3593 διήρχετο
406 3507 500 3590 (Lob.
531 3507 653 3574 Rhem.
678 3513 739 3593 21).
776 3535 847 3598 ugr.
881 3512 1001 3594 σάομαι
1034 3533 1088 3592 „se
1120 3509 1323 3575 commovere“

219 3609 328 3691 (Pass.
349 3607 446 3692 ind),
471 3631 628 3696 neocypr.
661 3611 763 3688 σοὺζω
794 3617 973 3693 „movere“,
1008 3635 1057 3676 ex.
1089 3636 1136 3698 gr.
1172 3610 1263 3686 σούζω
1290 3604 1323 3670 ul

223 3709 335 3796 μωρόν
357 3733 422 3791 μον
445 3713 477 3795 (i.
502 3733 528 3775 e.
551 3709 588 3775 σό
612 3715 756 3791 παιδίον,
777 3737 808 3779 v.
831 3713 957 3780 Sakell.
979 3739 1010 3800 p.
1034 3717 1105 3778 ⁴260.
1130 3715 1219 3794 347.).
1238 3747 1278 3757 -

310 3810 374 3876 Sed
396 3813 476 3877 vela·
496 3812 741 3877 contrahamus:
771 3837 788 3878 e
810 3816 954 3882 tabula
975 3815 1109 3879 idalia
1131 3814 1194 3876 huc
1212 3811 1325 3874 faciunt

225 3913 408 3977 accusativi
431 3913 515 3997 plur.
535 3937 631 3987 -ος
652 3941 695 3968 =
717 3919 778 3978 att.
802 3939 858 3991 ονς
880 3919 901 3980 i.
926 3939 953 3981 e.
973 3942 1036 3994 ονς,
1060 3916 1153 3982 velut
1174 3911 1223 3984 νὸς
1243 3928 1323 3974 κασι-

224 4011 339 4094 requos
356 4012 405 4076 Id.
421 4015 450 4078 3.
472 4020 518 4078 11.
547 4010 754 4098 ἀ(ν)θρω’πος
779 4016 828 4080 Id.
853 4021 880 4082 3.
903 4018 1010 4091 κάπος
1033 4021 1082 4098 30,
1105 4011 1219 4081 similia
1239 4009 1322 4076 Stud.
