2862 4668
582 357 794 421 ..15..

119 529 215 597 velut
239 526 358 593 Cretae
390 527 442 608 (of.
465 525 649 591 Kleemann
673 526 741 608 „De
763 529 919 592 universa
943 525 1091 593 Creticae
1115 528 1251 594 dialecti

120 631 265 710 indole“‚
287 629 364 693 Hal.
383 632 442 695 187
447 631 486 710 2),
510 633 581 693 turn
603 652 681 694 vero
705 631 740 694 in
762 629 937 695 hodiernos
961 628 1101 716 Cyprios
1123 634 1251 718 pariter

120 734 230 800 valet:
261 731 301 796 de
328 732 446 814 quibus
468 736 583 795 narrat
606 730 814 798 Sakellarios
836 732 858 796 l.
882 754 907 796 c.
930 732 992 814 ΠΙ1
1010 735 1083 798 oei.
1107 733 1158 799 λα’
1181 741 1248 799 101.

122 860 145 900 α
168 831 232 912 ,ξΗ
258 831 417 919 προφορὰ
444 839 503 919 τῆς
525 839 715 921 Κυπριακῆς
741 834 889 920 γλώσσης
919 831 995 899 καθ’
1028 825 1163 901 ἅπασαν
1190 836 1250 923 τὴν

121 929 429 1025 01100111νεῖ1εὴ
455 931 546 1022 αὐτή,
570 931 637 1000 ἀλλ’
662 934 697 1000 ἐκ
719 943 796 1018 μιᾶς
828 934 874 1010 εἰς
897 932 997 1023 ἄλλην
1019 919 1249 1024 111111ηο1110-

122 1039 311 1124 βάλλεται.“
333 1035 909 1123 thuadruplicempotissimum
919 1037 1098 1102 dialectum
1107 1041 1250 1104 maxime

122 1163 163 1206 ex
183 1139 352 1224 Hesychio
377 1140 622 1226 cognoscimus:
650 1139 908 1225 Paphiorum,
933 1141 990 1224 qui
1012 1140 1250 1206 occidentalem

121 1241 251 1307 insulae
281 1246 410 1327 partem
441 1243 493 1324 (cf.
516 1241 655 1328 Engel.
686 1242 704 1304 I
738 1243 794 1306 121
822 1263 891 1328 sqq.
936 1240 1100 1307 Sakellar.
1132 1243 1250 1327 1,8·2);

118 1343 470 1423 Amathusiorum,
490 1344 546 1428 qui
564 1343 814 1410 meridionalem
825 1343 954 1430 (Engel.
980 1343 1006 1424 Ι,
1023 1347 1091 1410 109.
1123 1345 1249 1410 Sakell.

120 1446 147 1528 I,
172 1449 221 1510 58.
257 1445 353 1510 Ross.
385 1445 503 1509 Inselr.
525 1445 584 1526 IV,
606 1448 675 1510 169.
707 1442 1248 1533 11111101117101111.1111110111).

121 1573 153 1634 p.
177 1551 246 1630 41);
270 1547 581 1613 Salaminiorum
604 1569 624 1610 a
642 1548 765 1613 Teucro
783 1547 965 1612 Salaminio
988 1546 1123 1611 Aiantis
1146 1549 1249 1612 fratre

123 1649 344 1730 oriundorum
364 1650 421 1732 qui
436 1649 631 1714 orientalem
651 1649 779 1737 (Engel.
810 1649 836 1728 Ι,
860 1653 909 1714 89.
933 1651 1004 1713 212.
1028 1649 1153 1715 Sakell.
1180 1654 1249 1717 159.

120 1752 216 1818 Ross.
243 1755 332 1834 1⁶23);
356 1749 585 1836 Cypriorum
603 1751 623 1814 i.
644 1775 669 1816 e.
690 1774 802 1816 eorum
821 1753 877 1835 qui
900 1752 1193 1838 septentrionalem
1217 1759 1250 1817 et

120 1857 264 1921 fortasse
296 1856 398 1920 etiarn
429 1855 582 1917 intimam
613 1853 740 1918 insulae
771 1859 901 1940 partem
931 1854 1130 1935 incolebant,
1163 1853 1250 1939 quod
1290 1883 1293 1904 ·

120 1957 245 2043 Bergk.
268 1957 290 2020 l.
315 1978 340 2020 c.
363 1979 394 2042 p.
417 1955 494 2020 VH.
518 1979 548 2018 n.
573 1959 591 2020 9
622 1960 711 2020 recte
742 1957 905 2041 suspicari
930 1957 1072 2023 videtur.
1121 1957 1250 2033 Quibus

123 2065 237 2122 tamen
258 2061 355 2124 rebus
379 2057 532 2142 singulae
559 2057 639 2120 illae
667 2057 803 2122 dialecti
825 2060 912 2123 inter
940 2081 974 2123 se
1002 2059 1251 2144 discrepuerint,

125 2181 214 2224 nunc
240 2181 257 2224 e
285 2159 436 2224 frustulis
469 2180 552 2242 quae
584 2164 762 2243 supersunt
792 2162 1005 2246 paucioribus
1037 2183 1136 2245 quam
1167 2182 1251 2244 quae

127 2265 196 2327 eius
220 2261 308 2326 modi
331 2261 580 2326 distinctionum
604 2260 777 2326 subtilium
800 2262 1036 2327 adminiculum
1058 2263 1250 2348 praebeant,

123 2365 182 2429 vix
210 2363 286 2428 clici
311 2368 438 2449 potest:
470 2385 575 2446 neque
602 2361 638 2425 id
659 2365 778 2428 mirum
801 2367 975 2450 quisquam
996 2365 1144 2445 habebit,
1176 2386 1250 2428 cum

121 2467 254 2553 glossas
277 2487 399 2550 easque
422 2486 438 2528 e
463 2465 615 2529 dialectis
638 2465 894 2532 Salaminiorum
921 2471 955 2531 et
975 2465 1250 2532 Amathusiorum

120 2570 230 2634 minus
261 2589 455 2633 numerosas
486 2568 585 2631 unica
619 2568 688 2632 fere
724 2567 860 2634 dialecti
891 2571 1071 2656 specimina
1095 2569 1250 2634 exhibere

124 2672 232 2736 animo
256 2691 367 2734 secum
388 2670 604 2754 reputaverit.
649 2670 736 2735 Sane
758 2670 891 2736 hercule
918 2671 1094 2737 nonnullas
1119 2669 1250 2754 quidem

124 2773 303 2836 varietates
342 2776 442 2856 atque
477 2772 736 2836 inconstantiam
772 2773 937 2858 quandam
967 2773 1249 2858 pronuntiationis

124 2875 266 2938 maxime
292 2875 327 2938 in
356 2873 513 2959 digammi
542 2897 605 2938 usu
631 2874 685 2939 hio
711 2873 782 2937 illic
810 2896 883 2939 cum
910 2875 1023 2959 aliqua
1045 2875 1116 2940 veri
1143 2879 1249 2958 specie

123 2973 378 3060 deprehendisse
409 2977 506 3040 nobis
538 2975 699 3040 videmur:
737 2975 795 3039 sed
830 2979 865 3040 in
902 2978 1094 3041 universum
1125 2974 1165 3059 de
1182 2975 1249 3039 ·his

123 3079 207 3142 certi
229 3077 310 3162 quid
332 3077 497 3142 affirmare
519 3099 585 3140 non
607 3076 695 3141 licet.

208 3179 333 3244 Vemm
355 3179 436 3243 haec
459 3178 590 3264 quidem
621 3180 866 3264 inpraesentia
889 3181 1044 3244 extremis
1066 3185 1105 3244 11
1126 3179 1250 3244 dicitur
1338 3203 1344 3214 ’

121 3281 242 3367 digitis
266 3283 420 3367 attigisse
444 3284 527 3346 satis
549 3283 665 3346 fuerit:
689 3281 841 3367 singulis,
864 3281 906 3346 ad
929 3305 1013 3366 quae
1035 3303 1121 3347 nunc
1143 3287 1249 3346 trans·

122 3405 247 3464 eamus,
271 3385 381 3448 omnia
404 3383 543 3448 clariore
565 3388 604 3448 ut
626 3405 722 3468 spero
745 3383 820 3449 luce
843 3390 938 3449 erunt
962 3385 1167 3450 collustrata.
