2862 4668
649 339 862 402 „12-

195 557 198 566 .
276 506 404 573 Deinde
435 507 537 571 nullis
560 509 748 594 prohibitus
771 506 934 571 molestiis
962 507 1216 598 1111111111111
1244 507 1329 574 lin·

193 632 310 698 guam
327 611 572 676 Albanorum
599 632 727 676 summa
748 607 1034 674 animadversione
1054 610 1197 696 dignam,
1221 632 1329 694 quam

194 717 325 779 constat
357 711 399 776 ad
426 713 689 778 vetustissimam
713 711 915 776 Graecorum
937 711 992 774 vel
1015 711 1329 777 Graeco-Italorum

191 816 341 902 linguam
362 816 497 900 propius
521 813 676 878 accedere
706 835 812 898 neque
837 812 907 877 ullo
939 811 1036 878 modo
1065 813 1217 878 dialectis
1244 837 1328 880 neo·

192 918 321 1002 graecis
355 913 635 982 adnumerandam
665 937 738 980 esse
770 916 823 1000 (cf.
854 913 1029 999 Xylander
1059 915 1141 996 „Die
1173 917 1327 1002 Sprache

192 1017 250 1082 der
265 1017 486 1100 Albanesen“‚
508 1019 662 1102 Francof.
678 1040 706 1082 a.
720 1015 765 1081 M.
782 1017 873 1082 1835.
911 1015 950 1080 Gr.
974 1039 1039 1082 von
1054 1018 1154 1082 Hahn
1176 1017 1336 1098 „Alban.'

191 1119 359 1202 Studien“‚
382 1121 484 1186 Wien
508 1123 599 1186 1853.
644 1120 738 1206 Bopp
770 1121 806 1184 in
827 1118 924 1184 Actis
955 1117 1059 1182 Acad.
1091 1116 1326 1186 Β11ο11855.

191 1221 280 1288 81111
298 1223 513 1308 „Hieronymi
532 1222 571 1287 de
585 1221 681 1287 Rada
700 1223 846 1286 carmina
867 1220 1153 1302 Italo-albanica“,
1175 1223 1324 1287 Brunsv.

192 1326 283 1390 1856.
320 1322 485 1390 0111111111
500 1324 646 1412 „Saggio
666 1323 700 1388 di
718 1324 998 1410 grammatologia
1021 1329 1213 1409 comparata
1231 1325 1326 1390 sulla

190 1426 307 1513 lingua
328 1426 526 1509 Albanese“‚
557 1427 703 1492 Livorno
730 1428 812 1491 1864
839 1431 873 1490 11
896 1425 1108 1512 „Appendice
1132 1427 1165 1490 al
1192 1426 1324 1513 Saggio

191 1533 281 1611 etc.“,
298 1529 401 1596 Prato
421 1531 563 1613 1866)1)‚
582 1551 726 1593 necnon
748 1527 911 1614 linguas
929 1529 1208 1610 Ramnenses,
1231 1529 1324 1594 unde

191 1651 264 1694 cum
287 1630 424 1696 dialecti
450 1651 654 1718 neograeoae
680 1632 716 1694 in
743 1631 934 1696 universum
963 1633 1015 1714 (cl.
1037 1631 1323 1716 Pappadopoulos

190 1736 381 1816 Σχεδίασμα
407 1737 489 1821 περὶ
517 1739 575 1822 τῆς
601 1732 746 1820 ἰταλικῆς
773 1731 928 1820 ἕπιῤῥοῆς
959 1732 1018 1798 ἐπὶ
1044 1731 1104 1820 τὴν
1128 1732 1324 1820 δημοτικὴν,

189 1836 341 1916 γλῶσσαν
362 1842 428 1902 τῶν
449 1843 617 1921 νεωτέρων
635 1829 808 1921 Ἑλλήνων,
831 1833 953 1899 Athen.
980 1837 1074 1918 1866)
1098 1840 1169 1899 turn
1185 1833 1324 1920 Cypria,

189 1942 227 2000 ut
250 1943 507 2002 consentaneum
531 1943 590 2019 est,
613 1937 774 2004 nonnulla
796 1939 930 2022 recepit,
962 1938 1126 2022 siquidem
1149 1959 1230 2022 opus
1254 1939 1325 2001 erit

189 2039 224 2102 in
263 2040 506 2104 contentionem
546 2045 646 2126 atque
683 2041 963 2126 comparationem
1001 2063 1061 2126 pro
1095 2041 1187 2106 virili
1222 2045 1323 2124 parte

160 2147 162 2150 ’
188 2143 428 2207 revocabimus.

193 2283 197 2288 -
273 2244 314 2308 In
337 2244 520 2310 scribendis
544 2250 655 2310 autem
677 2243 850 2311 vocabulis
869 2246 1061 2331 neograecis
1083 2245 1216 2308 litteras
1240 2265 1322 2327 qua·
1410 2267 1411 2296 ³

188 2349 285 2409 tenus
312 2345 408 2411 licuit
435 2367 571 2432 graecas
600 2349 733 2413 servavi
756 2351 895 2432 excepta
923 2347 1065 2412 dialecto
1090 2344 1320 2426 Oalabmrnm,
1409 2347 1411 2420 l

189 2469 287 2530 quam
314 2449 386 2512 sola
411 2471 430 2512 e
458 2449 715 2535 transcriptione
741 2447 881 2512 Morosii
911 2448 1116 2533 aliorumque
1148 2449 1320 2534 cognitam

189 2569 228 2612 ac
249 2556 458 2635 perspectam
479 2556 591 2628 teneo;
613 2551 648 2614 in
671 2549 854 2616 scribendis
878 2571 966 2616 voco.
991 2551 1153 2616 albanicis
1176 2550 1320 2636 plerum·
1410 2551 1411 2578 ³

189 2671 251 2734 que
273 2651 443 2716 Hahnium
466 2657 597 2717 secutus
623 2674 703 2716 sum.
727 2690 769 2699 -

597 2860 903 2868 m*

194 3111 197 3116 ¹
271 3019 346 3093 His
365 3030 469 3116 igitur
501 3028 650 3096 fontibus
687 3027 951 3114 adiumentisque
984 3029 1144 3095 subnixus
1181 3027 1314 3114 glossas

187 3126 327 3215 Cyprias
357 3153 490 3217 sparsas
519 3136 618 3216 atque
645 3131 783 3197 diffusas
812 3131 944 3196 collatis
974 3130 1085 3194 titulis
1113 3135 1146 3194 et
1169 3129 1314 3194 dialecto

185 3233 368 3297 recentiore
390 3235 425 3296 in
444 3233 719 3319 disceptationem
738 3256 836 3318 quam
855 3235 1140 3321 accuratissimam
1163 3237 1314 3297 conserte

187 3338 404 3419 contexteque
435 3356 553 3400 vocare
583 3337 791 3421 propositum
822 3335 928 3401 habeo
961 3337 1065 3399 etita
1097 3334 1241 3419 quidem,
1274 3340 1314 3398 ut

186 3437 327 3522 singulis
344 3459 498 3502 sonorum
514 3437 744 3504 affectionibus
764 3458 847 3522 quae
870 3439 904 3500 in
927 3443 1039 3502 vetere
1062 3437 1205 3500 dialecto
1230 3458 1313 3500 com·
1409 3427 1411 3438 '

184 3544 311 3623 parent,
335 3540 509 3626 analogias
533 3561 573 3602 ex
595 3539 755 3604 hodierna
779 3540 986 3603 continenter
1009 3539 1183 3603 afferamus
1208 3561 1314 3622 eaque

184 3643 314 3706 ratione
338 3647 460 3726 quanto
484 3663 581 3726 opere
604 3641 738 3706 novella
757 3641 919 3706 dialectus
941 3643 1163 3728 proprietates
1186 3643 1313 3705 veteris

186 3745 282 3827 quasi
318 3743 537 3808 hereditarias
573 3743 810 3830 propemodum
846 3766 957 3808 omnes
990 3746 1055 3810 sibi
1093 3745 1314 3828 assumpserit

271 4001 294 4066 1)
312 4002 344 4050 In
368 4003 477 4052 citandis
501 4003 541 4051 his
564 4002 637 4052 libris
657 4003 788 4065 „siggim
807 4004 952 4065 numeror,
981 4003 1166 4067 „Appendice“
1194 4017 1262 4050 num.
1283 4002 1313 4052 Π

184 4086 339 4139 notabimus.
475 4091 478 4095 ’
