2862 4668
627 308 838 370 ..38-

250 478 378 555 Quibus
402 477 523 542 addam
556 499 645 564 cypr.
677 474 875 562 ζεβκαλάτης
898 477 1104 566 (ζευγαλάτης
1139 478 1174 541 in
1206 475 1303 542 med.

165 581 299 662 Graec,
335 605 365 646 v.
396 579 558 666 Ducang.)
592 611 631 636 =
663 584 729 645 vet.
762 601 849 664 osny-
881 577 1006 667 ελάτης.
1038 582 1167 666 λαβέζιν
1200 580 1234 663 (i.
1268 601 1304 644 e.
1408 550 1410 649 l

164 686 291 770 tasscdj-
319 684 382 766 ιον)
412 712 455 738 =
483 687 549 747 vet.
577 684 683 770 λέβης.
713 679 847 768 λακάνη,
874 685 940 746 vet.
968 681 1098 770 λεκάνη,
1124 682 1183 746 lat.
1211 681 1302 746 lanx

167 789 219 870 (cf.
243 783 333 851 Onrt.
358 785 443 868 156).
480 781 627 872 ἀρωτάω,
650 785 777 870 pariter
798 784 834 848 in
851 782 938 868 Syra
956 784 1067 850 insula
1083 789 1117 848 et
1135 783 1304 851 Calabria
1409 776 1410 783 ¹

167 890 261 953 arcto
286 888 419 972 (Boves,
443 887 579 966 Zollini3
604 887 687 952 alibi
709 887 783 950 rotd
806 907 865 971 per
888 887 1096 972 aphaeresin)
1115 917 1156 943 =
1172 885 1302 970 ἐρωτῶ.

166 989 363 1073 καταγγιάζω
386 989 568 1071 „ordinara
595 991 630 1053 in
658 988 806 1054 ordinem
832 989 981 1076 digerere
1009 993 1090 1070 rcs“,
1118 988 1204 1074 quod
1227 993 1304 1053 vet.

167 1095 264 1156 *κατ-
293 1095 400 1174 cyrila
430 1091 629 1178 respondere
657 1091 798 1172 videtur,
831 1093 883 1155 cf.:
914 1088 1021 1174 ρ’γχοῦ,
1046 1097 1123 1156 eret.
1148 1087 1304 1174 ἇγχίξαι·
1409 1158 1410 1191 ρ

167 1195 324 1278 ἐγγίσαι)
347 1194 435 1276 Hes,
469 1191 638 1276 ἇγχοῦσαι·
662 1193 843 1277 ἑγγίζουσαι
870 1192 986 1278 Gyrill.
1012 1196 1085 1272 1713
1116 1215 1187 1280 ngr.
1210 1189 1305 1276 ἆγγί-

167 1301 232 1375 ζειν
260 1319 333 1362 cum
360 1297 521 1384 peculiari
549 1297 709 1384 tangendi
737 1295 927 1382 significatu
959 1297 1150 1382 (Ducang.):
1179 1302 1305 1362 contra
1409 1356 1410 1375 ,

168 1400 279 1467 alban.
302 1399 427 1482 ἐγγόσξ.
452 1409 619 1484 coenoso]
644 1400 726 1464 eliso
750 1424 762 1462 ι
784 1398 909 1464 acclioo
928 1421 1018 1464 more
1040 1429 1083 1456 =
1105 1407 1303 1484 περιπατῶ,

167 1501 408 1588 praeterquod
432 1503 533 1566 etiam
555 1508 795 1588 περιποιοῦμαι
819 1501 860 1564 al.
884 1502 1011 1566 intacta
1034 1503 1304 1588 praepositione:
1409 1550 1410 1563 .

167 1606 248 1668 item
272 1603 393 1669 calabr.
419 1604 556 1687 (Bovae)
580 1606 729 1690 palpato,
753 1625 892 1688 quacum
910 1606 1166 1690 praepositionis
1188 1605 1305 1670 forma

167 1707 397 1771 vetustissima
425 1707 464 1770 cf.
494 1713 553 1770 sct.
583 1709 665 1792 pari,
689 1706 796 1770 eleum
817 1709 887 1791 πὰρ
915 1691 1049 1788 nodeca
1074 1705 1169 1792 Corp.
1191 1706 1304 1772 Inscr.
1409 1744 1410 1753 κ

169 1807 225 1873 Gr.
250 1831 301 1871 nc.
327 1811 365 1871 ll
389 1837 431 1864 =
454 1811 717 1892 coniecissem
740 1809 774 1872 in
796 1807 913 1894 lingua
934 1807 1068 1894 vulgari
1091 1809 1191 1874 etiam
1214 1833 1305 1895 πορ-

168 1918 264 1975 aare
298 1913 340 1992 (v.
371 1910 554 1996 Ducang.)‚
585 1912 775 1996 loen-epit.
807 1916 964 1996 περβατῶ
997 1910 1146 1976 emollita
1176 1910 1307 1977 labiali

169 2011 393 2098 (Chalkiopul.
417 2012 511 2078 Stud.
535 2013 575 2092 V,
598 2016 689 2096 344),
717 2012 774 2078 sed
805 2014 906 2076 etiam
934 2014 1013 2098 epir.
1041 2013 1228 2100 πατραχήλι
1255 2045 1308 2070 =

169 2115 433 2202 περιτραχήλιον.
459 2153 499 2162 -
522 2115 651 2180 Deinde
679 2138 766 2202 cypr.
791 2115 903 2201 ῥάσσω
927 2113 1198 2201 Carpasictarum
1224 2139 1305 2201 pro-

168 2219 277 2304 prium
299 2247 342 2275 =
365 2219 471 2302 ῥέσσω
506 2241 530 2282 s
555 2221 643 2300 ῥέζω,
673 2218 760 2304 quod
788 2217 925 2302 reliquis
949 2215 1081 2304 Cypriis
1103 2219 1138 2282 in
1161 2240 1223 2282 usu
1247 2223 1304 2283 est

170 2318 251 2405 (rad.
275 2342 359 2406 vrag
381 2317 471 2385 (lurt.
497 2323 587 2405 171);
624 2326 702 2386 oret.
731 2321 843 2406 ράσσω
873 2319 939 2383 vid.
963 2319 1088 2406 Spratt.
1110 2321 1136 2400 Ι,
1160 2323 1232 2385 376.
1256 2360 1303 2368 —-

256 2422 426 2504 σταγγώνω
459 2425 565 2502 „fores
596 2422 829 2509 praecludere“
862 2444 920 2507 per
951 2423 1145 2486 rhinismum
1177 2445 1197 2486 a
1227 2423 1302 2486 rad.

171 2529 256 2610 stag,
289 2528 347 2587 set.
381 2524 481 2610 sthag
512 2528 554 2608 (v.
583 2523 673 2590 Ourt.
705 2529 765 2589 175
795 2547 842 2609 sq.
886 2523 980 2587 Fick.
1010 2526 1093 2607 209),
1126 2529 1303 2610 praeterea

171 2629 271 2692 etiam
296 2625 470 2710 στεΜάζω.

257 2730 405 2805 Quocum
438 2750 477 2793 cx
509 2728 585 2792 aliis
618 2727 771 2794 dialectis
803 2729 865 2793 hoc
895 2729 968 2793 loco
999 2750 1040 2792 ne
1071 2728 1164 2814 longi
1195 2729 1302 2794 simus

171 2833 295 2898 sufficit
317 2830 498 2896 contulisse
520 2853 632 2896 nacon.
655 2831 778 2918 τράχον
792 2861 834 2887 =
852 2838 965 2916 τρέχω,
991 2830 1058 2895 dor.
1076 2831 1184 2916 τράχω
1204 2829 1302 2914 (Ahr.

174 2937 260 3016 117);
285 2939 399 2998 contra
423 2956 511 3021 cypr.
534 2934 673 3021 τρεχάω.

256 3059 323 3100 zac.
352 3037 517 3121 δράπανε,
547 3036 604 3100 sed
634 3059 722 3124 cypr.
752 3033 912 3118 dcccdccc
943 3065 985 3092 =
1017 3039 1199 3121 δρέπανον,
1228 3035 1301 3100 rad.

172 3138 257 3203 drak
280 3137 370 3204 Ourt.
393 3141 465 3204 449.
497 3178 539 3186 -
561 3139 651 3226 vulg.
676 3137 828 3224 ἃργάτης,
860 3137 969 3202 alban.
1000 3133 1128 3222 ἀργάτξ,
1142 3159 1212 3202 nec
1233 3161 1301 3204 non

170 3240 299 3306 valach.
328 3241 426 3326 angat
458 3243 500 3322 (v.
530 3240 623 3305 Diez.
655 3240 711 3306 Gr.
734 3242 764 3322 Ι,
792 3242 845 3323 92)
876 3269 919 3294 =
941 3243 1014 3304 'vet
1047 3238 1199 3326 ἐργάτης,
1232 3239 1299 3304 vid.

171 3369 201 3430 p.
220 3346 261 3408 49
284 3347 351 3408 not.
377 3343 458 3408 lesb.
478 3346 628 3425 θαρμίζω
644 3345 855 3424 ,iascinare‘t
883 3341 1061 3426 θάρμισμα
1083 3343 1299 3422 „fascinatio“

172 3445 284 3531 (Kind.
303 3446 353 3510 Zt.
375 3444 417 3524 X,
442 3446 515 3527 191)
546 3449 652 3510 avet.
680 3447 797 3528 θέλγω,
825 3444 894 3510 rad.
926 3442 1032 3529 dharg
1053 3443 1148 3528 Fick.
1172 3447 1223 3508 99.
1258 3485 1300 3492 -

257 3670 278 3730 1)
301 3671 333 3719 In
356 3669 469 3718 dialecto
493 3671 595 3720 Cretica
618 3689 635 3720 α
657 3670 799 3734 principale
822 3685 869 3732 pro
893 3685 906 3718 e
932 3668 1082 3732 saepissime
1099 3675 1229 3718 servatum
1248 3679 1299 3719 est:

170 3757 223 3816 vid„
243 3755 347 3818 Helbig.
367 3755 484 3816 Quaestt.
504 3752 585 3818 (Plav.
601 3755 680 3820 1873)
698 3772 722 3820 p.
743 3757 784 3804 24.
821 3756 974 3805 Kleemann
992 3755 1010 3804 1.
1029 3769 1051 3802 c.
1069 3770 1094 3817 p.
1116 3756 1155 3808 10.
1174 3782 1207 3790 —
