2862 4668
640 365 853 428 -36-

182 534 297 618 primis
327 533 521 598 Salaminiis
551 535 724 620 assignata
755 535 808 597 sit.
852 535 971 619 Itaque
994 539 1074 620 puto
1098 528 1218 606 κάλαός
1240 530 1315 614 qui·

183 635 256 699 dem
279 658 320 701 ex
337 636 481 700 Homero
502 639 540 720 (a
560 638 633 718 195)
654 637 814 722 originem
833 638 964 719 habere,
980 641 1015 702 in
1033 636 1180 717 κάδαμος
1198 637 1315 697 autem

183 736 317 802 dialecti
341 737 543 803 Salaminiae
573 738 678 802 latere
705 740 950 824 proprietatem,
980 761 1064 825 quae
1087 737 1129 802 ad
1152 734 1315 821 Cypriam

181 839 277 904 Hom.
302 839 481 904 editionem
501 845 615 906 utrum
632 840 805 905 referenda
828 843 873 906 sit
890 865 1000 924 neone,
1023 844 1058 905 in
1075 844 1191 906 nostra
1213 860 1315 923 quae-

64 1002 67 1012 ,
182 942 289 1006 stione
313 939 355 1004 ad
372 940 522 1030 linguam
539 941 696 1008 tendente
723 965 788 1007 non
815 947 928 1031 magni
951 950 1004 1010 est
1030 943 1196 1009 momenti.
1231 940 1254 1004 J
1256 962 1316 1004 am

182 1042 388 1109 Sakellarios
412 1045 485 1110 ooll.
509 1046 592 1111 aeol.
616 1044 745 1111 δαύειν·
768 1052 951 1128 κοιμᾶσθαι
975 1049 1046 1112 sim.
1063 1043 1185 1110 oodiois
1209 1044 1316 1128 serip-

181 1149 290 1209 turam
312 1147 362 1210 ita
385 1145 560 1213 defendere
583 1153 730 1228 sonatan,
757 1153 795 1212 ut
822 1148 970 1230 κάδαμος
997 1171 1056 1236 pro
1080 1149 1317 1220 *κατα-δαυ-ος

182 1269 255 1312 oum
286 1250 420 1314 notione
456 1249 743 1331 κατακοιμώμενος
775 1249 900 1316 dietum
933 1252 990 1316 sit:
1028 1272 1111 1335 quae
1143 1249 1316 1314 sententia

181 1349 262 1414 mihi
293 1349 426 1435 quidem
457 1373 562 1437 neque
594 1358 673 1437 apta
702 1374 808 1437 neque
839 1352 910 1418 nlla
942 1375 982 1418 ex
1012 1357 1107 1439 parte
1139 1349 1315 1415 eredibilis

180 1452 322 1519 videtur.
365 1454 437 1520 Imo
460 1476 538 1520 vero
557 1454 704 1537 κάδαμος
727 1460 917 1541 corruptum
933 1461 985 1520 est
1007 1462 1107 1540 atque
1131 1475 1172 1518 ex
1194 1451 1315 1516 ordine

181 1555 410 1642 corrigendum
431 1552 594 1643 κᾶδαρκος
616 1562 749 1622 'servato
777 1580 798 1622 α
819 1562 951 1623 vestuto
974 1587 1017 1613 =
1038 1557 1129 1643 vulg.
1152 1551 1316 1640 ἄδερκτος

179 1657 234 1724 vel
257 1655 395 1746 ἀδερκής
415 1661 581 1723 sententia
602 1661 714 1725 activa
733 1661 785 1744 (of.
808 1660 886 1725 Hes.
910 1656 1063 1746 ἀδερκής·
1092 1655 1131 1723 οὗ
1152 1659 1315 1743 βλέπων).

179 1759 315 1825 Radiois
341 1760 434 1842 dark,
461 1760 548 1825 unde
576 1761 739 1826 deflexum
767 1767 827 1843 est,
856 1785 877 1828 α
894 1763 1102 1847 primitivum
1124 1763 1159 1824 in
1175 1765 1234 1825 sot.
1251 1758 1315 1824 da·

180 1862 301 1946 daroa,
324 1886 372 1948 gr.
392 1863 531 1950 δράκων,
555 1863 633 1927 Hes.
653 1859 811 1950 ἄδρακής·
834 1865 950 1953 τυφλή.
970 1869 1024 1929 καὶ
1047 1859 1196 1949 oldegario,
1220 1863 1316 1926 simi-

179 1965 257 2029 liter
279 1962 440 2052 εὐδαρκής
463 1966 672 2050 oonspioitur.
709 1965 862 2030 Indidem
877 1990 948 2052 ngr.
972 1965 1134 2053 δραγάτης
1157 1969 1316 2046 „oustos“

179 2067 285 2150 (Pass.
302 2071 373 2150 624,
392 2069 440 2134 13.
465 2068 504 2132 of.
522 2066 671 2154 Duoang.
688 2091 713 2133 s.
729 2071 774 2151 v.)
791 2067 981 2154 pullulavit,
994 2090 1107 2134 zaoon.
1122 2067 1263 2153 δεργάτα
1271 2071 1314 2149 1),

179 2169 266 2255 quod
297 2192 338 2235 ex
369 2171 492 2256 *δρακ-
525 2193 603 2256 ατης
635 2170 820 2236 emollitum
850 2170 987 2257 perinde
1019 2170 1141 2236 dioitur
1172 2190 1211 2234 ao
1241 2175 1313 2233 vet.

179 2262 275 2360 οὖρος
299 2295 319 2337 a
340 2272 410 2337 rad.
439 2274 513 2357 foe,
539 2273 664 2348 σκοπός
691 2272 802 2338 arad.
828 2293 923 2352 σκεπ,
952 2272 1146 2338 hodiernum
1169 2271 1313 2356 βλεπιός

178 2380 212 2438 et
239 2375 451 2460 βλεπάτορας
480 2373 567 2459 apud
591 2372 731 2460 Cyprios
762 2381 796 2439 et
818 2373 942 2457 Cretes,
970 2371 1108 2460 quorum
1130 2376 1164 2438 in
1188 2372 1312 2437 dialec-

177 2477 222 2540 tis
255 2477 387 2542 omnino
419 2478 556 2560 βλέπειν
589 2476 704 2540 eadem
735 2480 901 2542 sententia
930 2479 1085 2564 usurpari
1116 2476 1210 2556 solet,
1243 2497 1313 2559 qna

179 2577 355 2662 φυλάττειν
374 2577 479 2660 (velut
496 2579 632 2661 βλέπειν
650 2578 691 2642 τὰ
709 2579 897 2665 wilffinus,
922 2583 961 2644 of.
977 2580 1159 2666 Myrianth.
1174 2577 1311 2642 Philist.

175 2667 231 2742 [Π
252 2702 283 2764 p.
306 2682 378 2744 437.
423 2679 549 2744 Sakell.
574 2683 659 2762 254).
683 2719 724 2728 -

261 2780 377 2866 Ipsum
404 2781 518 2846 salam.
546 2777 718 2867 κᾶδαρκος,
750 2785 836 2868 quod
865 2782 1075 2852 scribendum
1098 2783 1308 2862 oonieoimm,

177 2883 360 2949 edialeoto
383 2885 566 2949 reotissime
586 2907 620 2949 se
635 2884 737 2951 habet
750 2908 809 2971 pro
828 2881 995 2972 ἄδερκτος,
1019 2905 1308 2971 quamoonsonan·
1406 2911 1407 2916 ¹

177 2987 262 3050 tium
283 2987 470 3052 iuncturam
494 2985 609 3072 Cyprii
635 2987 866 3072 repudiabant,
895 3013 925 3054 v.
947 2990 1026 3053 Hes.
1048 2997 1228 3053 κακκεῖναι·
1252 3009 1307 3050 κα·
1406 2989 1407 3022 ³

177 3088 325 3176 τακόψαι
355 3095 396 3155 Π.
425 3115 468 3146 =
497 3093 619 3172 aaa(o)-
643 3101 775 3154 κτεῖναι.
822 3088 974 3156 Oetemm
996 3089 1179 3156 notandum
1201 3090 1306 3152 orasis

55 3245 58 3256 .
177 3188 328 3276 vulgaris
352 3191 548 3276 exemplum,
571 3213 711 3276 quooum
734 3214 751 3256 e
773 3194 906 3258 novioia
928 3193 1071 3258 dialecto
1095 3196 1307 3277 eomparatur

176 3293 313 3378 τᾶστρα,
336 3282 438 3357 τᾶλλα
462 3294 543 3373 sim,
565 3293 632 3357 vid.
652 3293 778 3358 Sakell.
799 3297 866 3360 σελ.
885 3295 946 3361 od‘.

262 3394 338 3459 Non
362 3400 472 3459 autem
510 3398 561 3458 est
596 3416 653 3460 our
684 3395 723 3459 de
756 3397 944 3483 explicandi
975 3398 1105 3463 ratione
1136 3396 1305 3481 Hesyohio

176 3495 405 3581 perfamiliari,
429 3519 528 3581 quam
550 3497 616 3560 iam
640 3519 741 3583 supra
764 3522 788 3563 s.
812 3495 890 3564 xdn'
913 3495 992 3574 ἄτας
1019 3501 1201 3586 tetigimus,
1234 3498 1305 3584 plu·

176 3599 270 3663 ribus
293 3597 418 3662 dieam:
442 3601 636 3685 saepissime
655 3603 743 3664 enim
759 3602 946 3686 Hesyohius
961 3601 1046 3666 nihil
1068 3601 1136 3666 nisi
1157 3599 1305 3687 glossam

178 3699 398 3785 explieatione
429 3700 565 3788 dignam
590 3705 830 3790 interpretatur
855 3704 1017 3791 neglectis
1044 3704 1173 3769 vooulis
1196 3705 1228 3766 ei
1250 3702 1304 3767 ad·

177 3801 272 3884 ditis,
300 3803 339 3866 of.
369 3800 571 3880 κάσιάλωτος
603 3811 675 3889 (em.
703 3805 847 3870 Meinek.
874 3807 995 3872 Philol.
1022 3807 1105 3888 ΧΠ,
1135 3808 1206 3871 613.
1234 3804 1302 3870 ood.

175 3906 380 3988 κασίαλτος)·
403 3912 501 3994 χωρὶς
525 3906 650 3972 σιάλου.
680 3904 850 3985 adstante·
873 3916 1064 3996 noeaoeane.
1088 3909 1185 3997 κῖψῃ·
1209 3929 1301 3972 κακο-

175 4045 380 4056 ...υ-ς..

262 4128 283 4194 1)
301 4129 341 4178 Of.
361 4130 461 4178 hibern.
480 4139 531 4180 vot.
550 4131 654 4181 deroaid
673 4133 862 4196 „watehman“,
880 4133 1023 4184 Windisoh.
1043 4133 1081 4186 Zt.
1099 4134 1174 4194 XXI,
1193 4134 1251 4182 425.
