2862 4668
590 379 800 441 „71-

132 585 135 590 -
171 548 174 556 ’
211 541 340 608 Deinde
368 541 498 627 κύβος-·
526 588 568 596 -
599 529 849 630 Σαλαμίνιού
879 549 1041 631 λέγουσι
1064 549 1253 634 κύβοντὸ

62 648 65 655 ’
120 654 197 715 τοῦ
220 648 387 729 ἱματίου
410 660 601 739 σημεῖον,
625 648 783 732 noorai
806 650 851 715 δὲ
871 649 914 714 τὸ
938 653 1138 737 τρυβλίον.

212 748 305 812 Ηαθθ
327 758 440 844 glossa
464 775 537 818 cum
554 753 690 817 notione
710 753 812 815 catini
829 751 1032 838 Paphiorum
1053 755 1188 839 propria
1211 752 1254 817 ad

123 851 267 917 eandem
297 859 442 922 radicem
473 856 618 940 respicit,
650 875 713 938 quo
743 875 831 939 cypr.
853 853 988 938 κόμβος,
1011 855 1101 942 vulg.
1119 855 1252 940 κύμβος.

121 956 200 1021 Ηοο
221 981 299 1025 vero
323 961 396 1025 loco
419 958 467 1024 nil
489 955 693 1036 mutandum,
722 955 780 1020 sed
801 957 914 1041 potius
938 977 1012 1020 cum
1034 956 1197 1022 dialectus
1219 958 1254 1020 in
1342 1035 1344 1038 Ι

125 1057 269 1124 diversis
292 1064 432 1129 urbibus
456 1065 489 1126 et
511 1064 661 1126 veterum
679 1064 712 1122 et
730 1059 951 1123 recentiorum
969 1056 1166 1145 Cypriorum
1187 1082 1254 1124 non

124 1161 193 1225 sibi
217 1168 356 1244 constet,
387 1163 669 1250 pronuntiationis
692 1161 918 1224 inconstantia
941 1161 1104 1246 quaedam
1127 1182 1165 1225 ac
1186 1183 1254 1224 mu-

124 1262 283 1332 tabilitas
316 1265 525 1352 agnoscenda
557 1269 616 1329 est.
661 1261 716 1328 Sic
744 1264 846 1326 etiam
874 1261 1092 1329 Amathusios
1124 1265 1159 1326 in
1192 1263 1277 1344 hac!

119 1363 262 1448 quidem
284 1388 364 1432 voce
387 1377 410 1434 u
433 1391 550 1433 sonum
571 1367 805 1452 pronuntiasse
828 1371 993 1430 monstrat
1016 1365 1060 1452 gl.
1083 1364 1189 1450 κύββα
1210 1392 1254 1420 =

126 1465 247 1551 κύμβα.
282 1468 451 1555 Peracque
469 1471 505 1534 in
519 1469 651 1534 novicia
670 1466 812 1532 dialecto
831 1466 995 1532 fluctuant
1013 1469 1099 1532 inter
1116 1465 1254 1531 κούππα

128 1573 164 1630 et
190 1568 303 1657 κύμπη
332 1573 414 1652 sim,
444 1571 484 1636 de
512 1573 632 1656 quibus
663 1595 694 1656 p.
719 1573 759 1636 58
783 1571 920 1657 egimus.
963 1570 1083 1655 Itaque
1106 1573 1253 1634 statuere

127 1671 276 1755 cogimur
297 1672 422 1758 κόμβας
440 1672 573 1759 Cypriis
591 1671 693 1759 vulgo
709 1677 843 1758 gratum
859 1673 971 1754 fuisse,
993 1671 1091 1756 κύβος
1105 1671 1253 1757 Paphiis,

126 1771 232 1856 κύββα
253 1796 313 1859 per
330 1777 460 1862 generis
484 1775 660 1862 enallagen
676 1773 896 1838 Amathusiis.
930 1773 1027 1850 Quod
1049 1756 1149 1859 quain
1163 1778 1254 1838 recte

127 1875 345 1960 suspicemur,
375 1899 415 1942 ex
436 1876 557 1942 Athen.
580 1879 643 1944 482
657 1883 692 1940 Ε.
724 1878 823 1940 483Α
847 1875 990 1940 dilucide
1016 1877 1173 1956 cernitur,
1197 1877 1254 1961 qui

128 1997 168 2040 ex
195 1975 396 2063 Apollodori
423 1979 649 2066 Etymologiis
675 1977 822 2064 Paphios
849 1977 1005 2063 poculum
1031 1999 1150 2044 vocare
1176 1978 1253 2060 κύμ-

130 2082 191 2159 βαν
220 2078 371 2144 tradidit.
415 2082 534 2167 Κύμβα
564 2083 670 2168 igitur
700 2085 834 2145 servato
866 2104 887 2144 α
921 2083 964 2166 (p.
987 2083 1055 2164 32),
1088 2080 1252 2144 amathus.

131 2176 235 2262 κύββα
252 2203 310 2266 per
329 2184 623 2264 assimulationem
645 2182 767 2268 Paphii
781 2204 841 2267 pro
859 2182 1021 2268 ποτήριον
1039 2186 1252 2268 usurparunt,

132 2285 246 2345 contra
273 2282 369 2367 κύβος
396 2289 454 2370 (=
472 2286 605 2371 κύμβος,
636 2306 724 2370 cypr.
751 2283 887 2367 κύμβος)
910 2306 970 2368 pro
993 2285 1157 2371 τρυβλίον.
1203 2281 1252 2348 Of.

128 2381 290 2449 κύπελλον
312 2385 478 2452 Simarist.
502 2411 553 2474 ap.
572 2387 694 2451 Atlren.
712 2385 772 2467 XI,
791 2387 903 2464 483A3
926 2385 1018 2463 κύλιξ
1039 2385 1120 2453 ibid.
1139 2388 1202 2452 480
1214 2385 1254 2467 F,

128 2507 212 2572 quae
239 2483 371 2574 Cypriis
400 2489 531 2574 quidem
561 2489 761 2553 addicuntur
790 2509 896 2573 neque
926 2491 1039 2553 tamen
1069 2487 1254 2553 utilitatem

126 2589 289 2674 praebent
312 2591 465 2658 dialecto.
489 2629 530 2642 -

137 2703 168 2727 α’
212 2691 296 2756 Tum
317 2694 441 2775 μύβα·
463 2700 607 2777 μῦθος,
630 2693 700 2758 rad.
723 2697 787 2774 md,
810 2691 877 2758 vid.
899 2717 929 2779 p.
954 2695 1069 2758 63.-
1127 2781 1129 2784 Ι

211 2793 363 2879 Denique
387 2795 527 2862 δύσεο·
549 2803 619 2862 τοῦ
641 2801 777 2877 τοίχου
799 2793 844 2860 τὰ
867 2799 996 2881 πέριξ.
1019 2801 1057 2860 Κ.

211 2893 374 2963 Albertus
405 2896 565 2962 laudante
591 2896 756 2962 Sabellar.
779 2920 810 2982 p.
836 2899 896 2961 198
925 2896 1011 2959 hanc
1037 2895 1185 2982 glossam
1212 2917 1253 2960 ex

125 3005 222 3079 γεῖσα
248 3020 273 3062 s.
302 3005 410 3081 γείαια
437 3000 489 3082 (cf.
512 3000 603 3082 Hes.)
628 3004 817 3085 corruptam
839 3003 952 3084 putat:
985 2996 1072 3083 quod
1096 3018 1169 3061 cum
1190 3007 1259 3079 yet-1

126 3117 189 3164 σον
220 3101 265 3164 sit
296 3101 545 3188 suggrundium,
578 3103 762 3166 sententiae
792 3099 923 3185 quidem
953 3098 1115 3181 consulit,
1146 3121 1254 3184 neque

125 3205 240 3266 tamen
263 3203 333 3268 eius
355 3203 445 3269 modi
468 3202 656 3289 corruptela
673 3203 744 3268 veri
766 3201 871 3267 ullam
892 3206 1078 3288 aucupatur
1100 3203 1251 3288 speciem.

124 3303 199 3369 Imo
223 3304 265 3368 ad
287 3307 426 3372 verbum
444 3305 586 3372 δύεσθαι
604 3305 751 3392 glossam
769 3325 885 3369 sanam
904 3308 1035 3389 oportet
1056 3306 1251 3370 referamus:

126 3496 331 3508 ———

128 3629 200 3678 bovis
227 3631 328 3692 siguum
353 3633 476 3682 Euboicis
503 3649 550 3684 nec
575 3649 628 3683 non
655 3635 843 3698 antiquioribus
869 3633 1068 3684 Atheniensium
1096 3631 1206 3681 nummis
1235 3647 1252 3681 a

126 3716 229 3766 Theseo
252 3717 363 3779 primum
387 3719 453 3767 cusis
477 3715 554 3780 (Plut.
574 3721 650 3769 Thes.
670 3721 711 3769 25.
730 3722 763 3769 cf.
781 3721 889 3771 Eckhel.
907 3723 996 3771 Doctr.
1014 3719 1117 3769 Numm.
1135 3717 1171 3778 11,
1190 3715 1253 3780 act)

125 3802 390 3864 frequentatissimum
413 3803 566 3866 impressum
589 3813 652 3855 erat.
687 3805 754 3853 Item
776 3803 891 3870 γλαῦκες
913 3805 998 3854 Schol.
1023 3803 1158 3865 Aristoph.
1182 3801 1252 3855 ΛΠ,

126 3887 370 3950 1106.P1ut.Lys‚
391 3889 431 3940 16.
467 3888 591 3938 Similiter
611 3889 639 3938 in
660 3891 770 3939 nummis
792 3890 940 3939 Salaminiis
964 3905 1005 3952 ap.
1023 3889 1130 3938 Eckhel.
1149 3887 1198 3947 111,
1218 3885 1249 3934 87

125 3957 153 4038 et
179 3972 293 4035 Luynes.
309 3973 327 4021 l.
347 3988 368 4020 c.
396 3973 431 4035 pl.
451 3974 490 4020 VI
516 3976 577 4022 n.4
603 3991 628 4036 p.
646 3974 678 4023 35
709 3990 787 4038 prora
810 3974 883 4022 navis
907 3974 1040 4036 reperitur,
1064 3973 1129 4021 alias
1153 3971 1252 4020 tridens

126 4054 256 4120 (Mionnet
278 4059 368 4108 Descr.
387 4059 413 4108 d.
431 4059 499 4107 med.
518 4072 555 4119 gr.
574 4059 614 4107 VI
631 4076 656 4123 p.
676 4059 769 4110 61511.
789 4058 840 4124 51),
865 4066 955 4108 contra
975 4059 1033 4121 ipsa
1055 4071 1165 4107 ancorae
1187 4063 1253 4103 nota

125 4141 153 4189 in
171 4157 276 4190 nummo
295 4143 398 4204 Cnidio,
417 4143 463 4194 al:
482 4159 505 4194 v.
525 4143 633 4194 Eckhel.
653 4143 695 4192 111
712 4160 738 4194 n.
758 4145 815 4195 234.
834 4170 867 4178 —
