2862 4668
643 293 855 355 „60-

185 460 237 541 (cf.
260 461 340 545 frog.
364 463 458 542 ouve)
482 481 541 522 neo
563 483 628 524 non
650 459 728 544 κύβο
740 463 773 542 1),
798 481 938 544 quocum
953 460 992 522 cf.
1011 459 1081 521 ital.
1101 479 1206 544 eoppa
1223 459 1310 523 Diez

186 559 242 626 Gr.
264 561 291 642 Ι,
316 561 386 626 153.
430 561 509 626 Wb.
532 561 558 641 I,
583 564 652 628 139.
687 563 832 628 Nostrae
847 560 980 648 glossae
1002 564 1114 625 autem
1136 561 1312 636 consimile

185 668 237 728 est
268 672 393 748 κοῦφα,
425 663 513 748 quod
542 664 692 752 Ducang.
724 686 742 728 e
772 661 881 729 Orusii
912 663 1153 749 Turccgraecia
1185 686 1216 748 p.
1245 665 1312 727 266

69 766 71 770 ’
186 765 292 847 affert,
314 795 356 822 =
377 773 490 850 κῦφος.
535 765 697 831 Similiter
727 773 869 850 σκονφία
892 765 1015 832 ibidem
1037 795 1079 821 =
1102 764 1235 848 σκύφος,
1269 767 1311 829 cf.

90 869 93 877 '
187 867 538 935 Glossar.med.Lat.
562 891 586 932 s.
611 867 752 954 Ouphia3
783 869 964 934 sedetiam
988 868 1096 955 σκύφη
1119 897 1161 923 =
1184 867 1312 950 σκύφος
1407 869 1409 882 “

186 973 221 1034 in
249 970 387 1056 append.
418 970 519 1058 gloss.
546 970 602 1035 Gr.
630 994 660 1056 p.
685 971 755 1036 212.
800 969 848 1035 At
875 994 952 1037 vero
980 994 1038 1036 cur
1064 969 1151 1035 idem
1179 969 1313 1036 Ducan-

187 1073 261 1158 gius
278 1071 387 1138 Gloss.
403 1072 485 1137 med.
504 1073 578 1136 Lat.
595 1096 619 1136 s.
640 1095 722 1159 cupa
740 1078 889 1139 nostrum
911 1074 1003 1162 κόψα
1020 1075 1055 1136 in
1077 1073 1175 1154 κόπα,
1199 1079 1332 1158 quam

186 1177 237 1240 vis
269 1175 348 1240 ordo
379 1175 570 1256 reluctetur,
602 1175 796 1242 mutandum
828 1181 973 1256 censeat,
1006 1174 1156 1260 equidem
1187 1177 1312 1239 nescio.

185 1279 255 1343 Imo
283 1283 322 1342 ut
348 1299 431 1362 quae
459 1277 675 1343 disseruimus
702 1280 798 1366 brevi
825 1277 1146 1365 comprehendamus,
1174 1268 1269 1365 κὸψα
1293 1301 1313 1342 a

186 1380 254 1445 rad.
283 1380 382 1466 kap-s
410 1383 452 1463 (v.
484 1382 635 1469 κνψ-έλη)
667 1379 828 1446 deflexum
856 1379 1053 1468 Cypriorum
1081 1385 1132 1444 est
1160 1402 1222 1465 pro
1244 1385 1312 1444 vet.

185 1491 298 1566 κύφος,
321 1506 392 1570 ngr.
415 1491 524 1568 κοῦφα
547 1483 732 1568 (Ducang.).
758 1522 791 1529 -

269 1585 394 1651 Verum
425 1587 460 1649 in
488 1586 539 1650 his
568 1587 830 1670 acquiescamus:
863 1584 902 1649 de
934 1585 1056 1672 glossis
1085 1585 1312 1669 sequentibus,

186 1710 324 1772 quarum
355 1689 529 1773 plerasque
561 1689 627 1752 iam
651 1686 853 1752 Schmidtius
886 1685 1017 1774 Cypriis
1049 1710 1125 1753 vere
1156 1709 1197 1751 ac
1225 1692 1311 1752 recte

186 1788 388 1871 vindicavit,
419 1814 484 1854 non
515 1791 621 1856 habeo
654 1812 711 1856 cur
741 1791 812 1855 viro
844 1790 969 1856 illustri
1001 1790 1171 1875 obloquar.
1230 1791 1308 1856 Sunt

186 1896 297 1956 autem

272 1994 536 2079 κρύσταλλος·
561 1989 669 2070 εἶδος
691 1990 806 2062 ύὲλοο
830 1995 911 2078 (cod.
927 1991 1051 2072 ύὲλλοο,
1071 2018 1130 2058 em.
1145 1995 1304 2075 Palmer.).

188 2095 275 2182 quod
290 2097 459 2162 Thesauro
475 2097 525 2160 IV
526 2148 533 2178 ,
557 2099 677 2164 2018ss
702 2103 736 2161 et
758 2099 919 2163 Pearsoni
941 2097 1081 2162 Advers.
1104 2097 1183 2161 Hes.
1202 2121 1235 2182 p.
1251 2097 1308 2160 451

186 2221 358 2286 perperam
387 2202 546 2286 scriptum
575 2200 707 2266 videtur
733 2223 792 2286 pro
817 2197 1029 2286 κρύσταλλος,
1054 2204 1148 2285 patet
1178 2204 1311 2264 nostrae

183 2300 329 2366 dialecto
360 2303 508 2388 perbelle
541 2305 727 2368 convenire:
759 2302 819 2367 rad
853 2303 946 2368 krus
978 2301 1081 2385 (Ourt.
1106 2304 1193 2384 148),
1226 2301 1311 2366 unde

187 2428 257 2489 ngr.
274 2404 477 2488 κρονσιάλλι,
501 2406 610 2472 alban.
629 2405 813 2492 κροοὸτάλλ
830 2407 925 2470 iuxta
939 2405 1106 2490 κριύιάλλ;
1125 2406 1206 2468 item
1223 2426 1311 2490 cypr.

187 2507 439 2589 γριισιαιιαια
464 2491 531 2589 lex.
560 2531 584 2572 ι.
615 2505 692 2594 ξιιμ.
717 2513 745 2589 ο,
777 2509 845 2572 ιοο.
878 2511 907 2586 o,
930 2508 979 2572 4ο.
1013 2510 1061 2588 ιο,
1089 2509 1141 2588 14)
1168 2537 1220 2582 Ξ,
1241 2530 1312 2591 ιρι-

189 2607 352 2688 σιάλλινα,
385 2613 418 2672 et
439 2612 680 2694 χρονσιαλλένα
700 2605 781 2696 ,ᾆσμα
808 2614 856 2690 15,
880 2615 920 2678 20
943 2634 983 2676 ex
1006 2609 1177 2697 aspirandi
1201 2609 1312 2674 studio

186 2712 425 2776 recentioribus
450 2711 585 2776 Graecis
608 2715 757 2799 proprio;
781 2712 839 2778 sed
862 2715 964 2778 etiarn
986 2713 1208 2799 χρυσιαλλένα
1232 2712 1314 2778 ibid.

187 2816 236 2895 25,
261 2817 310 2879 29.
334 2817 419 2880 δι’σι.
443 2815 514 2880 287.
539 2851 578 2863 —

206 2966 208 2970 .
271 2915 524 3003 λογκούριον·
548 2909 675 2992 ύαλος.

273 3018 363 3101 (Cod.
386 3019 566 3106 λογούριον,
590 3020 676 3104 quod
699 3019 860 3088 Albertus
884 3044 924 3086 ex
947 3020 1060 3086 ordine
1085 3022 1229 3086 correxit
1244 3023 1317 3102 λογ-

187 3121 330 3207 κούριον)
357 3152 400 3178 =
421 3123 511 3210 vulg.
535 3123 733 3209 λυγκούριον,
760 3123 829 3188 rad.
852 3126 910 3189 λοκ
937 3125 1084 3204 „luoere“
1108 3120 1211 3205 (Ourt.
1238 3125 1316 3206 152)

186 3246 245 3312 per
267 3224 414 3289 nasalem
433 3230 530 3290 aucta
553 3225 607 3311 (ef.
629 3225 728 3308 λύγξ).
763 3227 813 3290 De
836 3228 938 3292 variis
961 3227 1058 3291 huius
1082 3225 1172 3290 vocis
1196 3227 1316 3292 formis

186 3326 253 3392 vid.
277 3325 435 3392 Schmidt.
457 3329 507 3392 Zt.
529 3328 589 3409 ΙΧ,
612 3329 683 3393 400.
709 3367 748 3374 -
769 3328 894 3394 Eodem
912 3331 1039 3394 faciunt
1062 3327 1105 3414 gl.

271 3431 474 3514 λοφνίδια·
501 3429 712 3512 λαμπάδια
736 3436 769 3494 et
790 3433 945 3515 λοφνίς·
976 3429 1147 3512 λαμπάς,
1172 3451 1317 3514 quarum
1366 3481 1368 3485 .

79 3550 80 3554 ’
187 3535 327 3598 alteram
350 3531 508 3597 Schmidt.
532 3532 580 3597 ed.
603 3535 680 3596 min.
704 3533 784 3598 solis
806 3533 945 3598 Rhodiis
968 3535 1101 3600 tribuit:
1133 3534 1198 3596 imo
1221 3556 1317 3619 pror-

188 3659 242 3701 sus
265 3640 406 3720 utraque
425 3634 622 3722 Cypriorum
645 3641 696 3700 est
717 3665 760 3692 =
777 3637 867 3722 vulg.
890 3638 1047 3717 ingredia,
1069 3635 1192 3716 λύχνος,
1217 3635 1317 3716 *λοχ-

179 3735 243 3814 νίς.
295 3740 346 3804 Ι)ο
382 3741 605 3825 aspiratarum
637 3739 880 3824 permutatione
919 3738 984 3802 vid.
1017 3741 1109 3820 §aa
1162 3732 1318 3804 Verbum

186 3845 319 3924 λνχνίζω
342 3842 419 3906 inde
438 3841 601 3906 deflexum
617 3837 748 3926 Cypriis
772 3843 873 3905 etiam
894 3863 981 3905 nunc
1002 3843 1037 3904 in
1058 3863 1121 3906 usu
1144 3845 1195 3904 est
1217 3862 1317 3926 pecu·

273 4068 294 4137 1)
313 4029 485 4120 Schuchardt.
505 4069 543 4119 Zt.
562 4068 623 4128 XX,
642 4069 691 4121 246
711 4069 745 4120 ed
763 4045 904 4120 lstseavus
922 4065 1036 4114 recurrit.
