2862 4668
642 377 855 441 ..70-

177 546 272 610 velut
302 537 553 611 Pistoriensem
573 551 607 608 et
640 545 835 626 Senensem,
868 545 988 630 quibus
1019 551 1138 632 ponto,
1180 547 1309 633 gionto,

179 669 288 712 omcre
316 649 357 713 al.
384 677 428 705 =
453 653 567 733 punto,
596 649 722 733 giunto,
749 669 862 713 umore
889 649 924 711 in
955 647 1191 712 consuetudine
1215 654 1309 712 sunt:
1372 639 1374 644 ’

179 750 218 812 11.
241 750 393 844 Femooy.
416 749 528 814 Roem.
552 749 645 815 Stud.
668 749 731 830 ΙΠ,
754 752 826 816 278.
870 748 977 813 Blanc
1007 748 1151 814 Gramm.
1176 750 1206 814 d.
1228 751 1309 814 Ital.

178 851 261 937 Spa,
283 848 367 915 Hal.
388 853 468 917 1844
490 875 521 937 p:
545 853 616 916 630.
640 889 682 900 —

589 1058 895 1068 *ὴ-

266 1207 319 1272 Ex
341 1208 394 1272 his
418 1210 571 1275 omnibus
595 1230 679 1293 quae
697 1209 832 1274 uberius
855 1197 1312 1295 fusiusque-pertentavimus
1396 1241 1399 1249 ·

177 1315 211 1376 ct
234 1303 458 1396 exposuimus,
480 1310 594 1396 palam
611 1311 737 1375 factum
754 1316 805 1375 est
820 1310 987 1376 vocalium
1008 1311 1142 1376 illarum
1168 1334 1313 1378 commu·

171 1413 348 1493 tationem,
373 1435 458 1498 quae
479 1415 515 1478 in
538 1413 614 1478 aliis
638 1412 791 1476 dialectis
809 1437 876 1479 non
894 1413 1027 1498 quidem
1048 1437 1229 1498 nunquam,
1252 1417 1311 1482 sed
1411 1485 1412 1488 ,

180 1520 267 1596 certe
293 1537 370 1580 raro
399 1505 606 1597 observatur,
634 1513 765 1600 Cypriis
792 1537 896 1600 paene
924 1517 1090 1580 universis
1113 1517 1148 1579 in
1172 1521 1310 1584 summis
1411 1561 1412 1594 1

179 1616 308 1698 deliciis
334 1618 520 1702 intimaque
549 1623 589 1682 ut
616 1619 666 1681 ita
689 1615 797 1680 dicam
819 1617 1051 1682 familiaritate
1073 1619 1187 1684 fuisse.
1234 1621 1310 1686 Jam
1411 1609 1412 1622 ³

179 1741 258 1784 vero
280 1717 468 1785 mirandum
492 1717 580 1804 quod
602 1718 765 1806 pauculae
787 1719 922 1806 glossae
940 1720 1017 1784 huic
1038 1721 1177 1806 regulae
1200 1725 1307 1788 ventis

179 1822 279 1892 remis
303 1819 540 1886 adversantur:
569 1819 609 1886 de
637 1823 757 1906 quibus
786 1819 866 1906 quid
892 1824 1043 1903 sentiam,
1067 1845 1167 1908 quam
1185 1827 1303 1891 brevis·

179 1925 261 1988 sime
280 1915 462 1986 dicendum¹
477 1945 565 1986 nunc
587 1924 684 1989 nobis
708 1929 767 1988 est.
812 1923 898 1990 Sunt
921 1927 1021 1989 enim:

266 2020 471 2111 ἀγκύρα1)·
492 2023 726 2104 scerdotes,
749 2023 1115 2113 παρὰἜπιχάρμῳ.
1139 2027 1304 2116 Κύπριοι

181 2127 226 2194 δὲ
263 2125 309 2192 τὸ
348 2125 573 2212 τριώβολον
614 2127 698 2212 (cod
725 2128 918 2214 τριόβολον,
951 2149 1010 2193 em.
1046 2129 1116 2194 Jcs.
1147 2129 1307 2263 Scaliger.

179 2229 256 2295 Non
279 2217 337 2325 apt
339 2250 356 2293 e
323 2229 476 2293 tVoss
499 2230 679 2316 τρίβολον).

264 2320 318 2394 Er
348 2321 416 2396 hac
442 2327 564 2416 glossa,
594 2333 653 2400 ubi
679 2331 778 2418 plura
805 2336 844 2396 ut
871 2331 988 2397 solet'
979 2355 1014 2396 m
1036 2355 1139 2398 unum
1161 2334 1313 2400 ordinem
1411 2421 1412 2426 ρ

180 2421 368 2550 Hesychius
391 2431 477 2496 falso
497 2435 719 2514 conturbavit
696 2439 808 2498 tnon
826 2434 932 2508 habeo
957 2433 1094 2502 dubium
1117 2437 1198 2520 quin
1222 2459 1312 2529 cypr.
1411 2483 1412 2518 .

182 2529 304 2619 ἀγκορα
327 2533 591 2599 subaudiendum
614 2537 672 2598 sit:
697 2538 819 2600 etenim
842 2538 993 2621 quamvis
1015 2538 1051 2600 in
1073 2537 1197 2623 glossis
1221 2559 1312 2624 seqq.
1411 2597 1412 2630 q

183 2635 223 2700 de
249 2635 476 2700 inconstantia
509 2631 653 2720 quadam
683 2639 967 2722 pronuntiationis
997 2639 1211 2726 cogitandum
1239 2663 1311 2706 esse
1411 2643 1412 2656 ¹

181 2737 366 2818 videamus,
399 2733 541 2823 Cyprios
573 2737 729 2804 hocloco
753 2762 870 2805 sonum
892 2763 912 2804 ν
935 2745 1146 2805 attenuatum
1168 2765 1311 2828 pronun·

181 2841 286 2905 tiasse
308 2840 393 2908 veri
403 2843 454 2904 est
476 2839 568 2906 nullo
591 2841 688 2906 modo
713 2841 829 2906 simile.
871 2841 1004 2907 Oenim
1026 2845 1153 2908 vetusti
1174 2867 1198 2908 u
1220 2846 1311 2910 vices

182 2945 279 3058 gerit,
303 2941 390 3027 quod
412 2964 518 3044 usque
545 2941 587 3006 ad
610 2948 726 3008 nostra
731 2945 929 3063 ”tempora'
920 2967 956 3007 m
979 2943 1131 3012 dialectis
1154 2967 1312 3032 necgrae·

183 3045 229 3108 cis
248 3047 316 3109 fere
335 3034 486 3111 omnibus
504 3047 699 3166 percipitur:
724 3040 874 3160 ἄγγονρα,
898 3042 1005 3112 alb.”
983 3069 1119 3132 αγγοορε
1136 3046 1242 3133 (Xyl.)
1259 3047 1313 3112 de·

182 3147 312 3210 minuta
342 3143 514 3210 radicis'
496 3170 555 3229 ογκ
586 3151 647 3233 gut
633 3147 753 3212 tturali
778 3149 951 3233 primaria,
983 3153 1115 3233 praeter
1142 3145 1280 3233 quod''
1259 3173 1311 3214 ον-

181 3241 1312 3361 κονρε1.ἄνκνρε1ριι(11111111.1(11Μ1111ο11111.11112112).

182 3349 302 3414 Sieet
288 3349 370 3412 tiam
400 3348 459 3412 alt.
492 3371 630 3431 ancora,
663 3374 726 3436 quo
762 3350 802 3416 de
832 3351 975 3416 Deffner.
1008 3351 1029 3415 l.
1060 3374 1085 3416 c
1117 3376 1147 3438 p
1173 3355 1233 3419 287
1263 3376 1311 3438 sq.

184 3449 263 3536 (ud-
287 3472 318 3534 P·
342 3448 499 3535 611-

171 3730 178 3760 ι
268 3707 290 3773 1)
309 3707 365 3756 Imo
389 3703 496 3777 ἄγκυρα
519 3700 761 3780 προπαροξυτόνως
784 3727 839 3762 esse
862 3713 1025 3762 scribendum
1050 3715 1143 3762 docent
1164 3714 1266 3763 Herod.
1283 3731 1311 3766 π.

181 3809 244 3858 μον.
269 3783 319 3843 λέξ.
338 3808 363 3855 p.
383 3793 412 3841 17
432 3792 512 3841 Dind.
547 3792 644 3842 Arcad.
663 3811 688 3858 p.
709 3797 766 3846 101.
800 3799 907 3848 Person.
929 3801 963 3847 ad
985 3799 1074 3862 Eurip.
1100 3798 1199 3846 Hecub.
1220 3801 1261 3847 78.
1280 3827 1311 3834 -

200 3879 212 3910 ³
267 3875 289 3940 2)
309 3865 430 3929 Ceterum
448 3879 519 3940 quod
538 3879 571 3926 ad
595 3879 678 3942 ipsam
696 3882 731 3940 gl.
750 3883 854 3944 attinet,
879 3884 1019 3932 triobolum
1036 3885 1102 3932 illud
1120 3898 1232 3932 ancorae
1250 3893 1313 3932 nota

183 3975 332 4023 percussum
356 3963 434 4010 fuisse
456 3963 567 4022 videtur,
592 3979 644 4025 qua
667 3965 700 4011 de
721 3981 812 4015 caussa
834 3969 923 4032 Cyprii
946 3969 1031 4032 ipsum
1054 3982 1188 4017 nummum
1206 3963 1313 4037 ἄγκυρα

183 4045 318 4095 vocabant.
353 4047 460 4096 Prorsus
484 4050 575 4098 eodem
598 4050 679 4096 modo
702 4065 759 4110 11.,
769 4065 805 4112 gr.
830 4052 1004 4102 Athenienses
1027 4061 1092 4102 teste
1113 4051 1181 4102 Poll.
1204 4052 1254 4113 1x,
1279 4053 1311 4102 60

184 4129 242 4177 coll.
268 4129 340 4180 Suid.
365 4133 426 4180 Hes.
452 4147 471 4182 s.
495 4136 558 4196 βοῦς
584 4127 630 4184 ἐπὶ
657 4124 770 4206 γλώσσῃ
787 4136 966 4186 didrachmum
992 4140 1057 4201 βοῦν
1083 4139 1221 4198 vocabant,
1251 4141 1311 4200 quia
1411 4185 1412 4200 ,
