2862 4668
651 319 842 380 ..ss...

185 487 347 572 ἰμίτραον,
379 493 483 572 aido-v,
515 507 604 560 υεσις
636 509 652 550 e
684 487 800 573 lingua
825 487 997 572 Aegyptia
1020 485 1183 573 (Coptica)
1211 486 1326 553 dedu-

186 589 306 654 cendas
329 594 440 674 putat:
465 611 547 673 quas
572 611 684 653 omnes
708 589 887 653 dialectum
909 612 985 654 vere
1004 611 1157 675 graecam
1175 612 1253 675 prae
1279 613 1324 654 se

184 694 268 756 ferre
291 693 397 776 primo
422 690 517 755 credo
541 692 710 755 oculorum
733 694 853 757 obtutu
876 693 959 755 satis
978 713 1140 776 superque
1160 699 1322 777 apparet.

267 793 463 857 Recentiore
486 798 632 878 tempore
656 793 787 878 glossas
811 791 951 879 Cyprias
975 794 1112 879 collegit
1130 799 1229 878 atque
1249 795 1322 857 ali-

185 917 250 978 qua
281 917 322 958 ex
352 900 447 980 parte
474 895 645 959 illustrare
673 894 802 959 studuit
823 895 947 980 Engel
970 897 1005 958 in
1026 895 1197 980 praeclaro
1220 895 1321 961 libro

185 996 224 1061 de
248 995 356 1082 Cypro
379 996 489 1063 insula
513 998 698 1082 conscripto
717 996 782 1062 vol.
800 996 818 1060 I
836 1021 866 1082 p.
887 999 948 1061 557
967 1021 1036 1082 sqq.
1062 998 1170 1062 Nixus
1188 1003 1322 1078 tamen,

182 1099 302 1164 utillo
326 1084 472 1185 tempore
495 1121 555 1184 par
578 1104 658 1178 erat,
687 1098 832 1162 editione
854 1099 1014 1183 Hesychii
1036 1099 1215 1165 Albertina
1239 1119 1320 1162 sen-

182 1202 306 1264 tentias
321 1201 463 1286 pretulit
481 1201 673 1286 plerumque
692 1224 756 1265 non
776 1200 976 1266 sufficientes
995 1224 1100 1286 neque
1118 1203 1320 1267 assensione

182 1303 252 1368 ullo
284 1303 381 1368 modo
414 1303 546 1389 dignas:
580 1309 724 1367 ceterum
755 1304 826 1389 ipse
857 1305 941 1368 satis
965 1304 1068 1370 habet
1090 1305 1221 1390 glossas
1245 1303 1320 1368 dis-

183 1427 298 1492 persas
329 1407 364 1468 in
394 1429 496 1470 unum
528 1405 703 1490 collegisse
732 1409 765 1468 et
788 1407 993 1470 accuratiore
1017 1406 1152 1470 dialecti
1174 1408 1318 1470 investi-

183 1509 321 1594 gatione
345 1507 508 1571 desistens
532 1509 750 1592 grammatico
774 1529 830 1571 eas
853 1507 1022 1592 relinquit.

267 1608 396 1672 Deinde
418 1609 577 1673 Mauric.
601 1608 784 1676 Schmidt.
810 1629 883 1674 curn
905 1609 1126 1674 miscellaneis
1159 1631 1242 1694 quae
1274 1611 1315 1673 in

182 1713 287 1776 variis
319 1711 496 1776 annalibus
527 1711 717 1796 philologis,
748 1711 842 1776 velut
863 1713 978 1776 Museo
1001 1712 1170 1792 Rhenano,
1197 1711 1313 1775 Philo·

182 1814 269 1900 logo,
300 1813 427 1876 Diariis
449 1811 675 1896 Antiquitatis
706 1813 871 1899 leguntur,
903 1820 975 1879 tum
1001 1816 1125 1879 maiore
1150 1835 1312 1878 commen-

183 1917 311 1980 tatione
331 1937 413 1999 quae
432 1916 626 1980 inscribitur
647 1915 734 1995 „Der
751 1916 931 2001 kyprische
950 1915 1079 1981 dialekt
1097 1915 1163 1979 und
1178 1915 1310 1979 Euklos

183 2018 241 2082 der
264 2017 507 2103 chresmologe“
532 2019 567 2080 in
585 2017 712 2081 Kuhnii
730 2019 839 2082 Ztsch.
858 2021 879 2083 f.
898 2019 965 2104 ugl.
985 2019 1071 2104 Sprf.
1089 2019 1140 2082 IX
1155 2042 1186 2102 p.
1203 2020 1310 2082 1911-

72 2141 75 2148 ·
182 2123 254 2185 301.
278 2122 456 2199 {tol-2369,
487 2126 558 2184 tum
589 2142 667 2185 vero
697 2122 850 2207 egregiae
882 2121 1039 2185 editionis
1061 2109 1221 2204 Hesy'chii
1245 2118 1309 2199 „ad

182 2223 262 2288 libri
301 2221 464 2286 Marciani
502 2221 600 2285 fidem
640 2223 825 2287 emendati“
868 2223 1140 2289 adnotationibus
1185 2222 1307 2307 glossis

183 2323 324 2410 Cypriis,
349 2347 430 2409 quas
453 2325 591 2389 mutatis
614 2325 782 2389 mutandis
805 2327 873 2390 fere
897 2347 1009 2390 omnes
1032 2327 1066 2388 in
1088 2323 1202 2388 Indice
1221 2323 1306 2410 glos-

183 2449 293 2490 sarum
324 2427 534 2513 popularium
566 2431 684 2510 quarto
717 2426 873 2492 editionis
905 2428 1067 2493 volumini
1090 2427 1219 2492 adiecto
1244 2427 1306 2491 col-

182 2528 287 2592 lectas
318 2528 431 2608 habes,
464 2528 635 2593 clariorem
667 2528 773 2592 lucem
805 2529 924 2593 affudit
955 2535 988 2594 et
1011 2531 1170 2594 nonnulla
1194 2536 1305 2615 aperte

184 2636 338 2715 corrupta
362 2632 550 2694 coniectura
572 2629 799 2715 percommode
821 2633 980 2713 restituit,
1002 2632 1160 2697 mendosa
1179 2631 1306 2697 erudite

184 2740 217 2797 et
240 2733 454 2818 sagacissime
478 2731 677 2813 emendavit,
700 2756 817 2818 parum
840 2735 1016 2819 perspicua
1038 2733 1172 2799 disertis
1195 2736 1304 2799 verbis

184 2837 324 2921 aperuit,
356 2833 465 2898 dubiis
498 2839 598 2918 atque
630 2837 801 2920 suspectis,
835 2837 979 2900 confusis
1011 2842 1111 2919 atque
1133 2837 1301 2923 permixtis

184 2961 278 3002 suum
314 2937 423 3001 locum
458 2959 534 3001 vere
571 2958 609 3001 ac
644 2939 762 3001 merito
800 2939 995 3024 assignavit.
1048 2938 1163 3003 Nihilo
1196 2947 1301 3003 tamen

184 3041 287 3104 setius
311 3039 443 3125 glossae
467 3045 645 3125 supersunt
669 3039 912 3124 complusculae
936 3048 993 3105 aut
1017 3040 1220 3106 dubitabiles
1247 3045 1304 3104 aut

184 3143 437 3206 obscurissimae
453 3141 591 3206 necdum
610 3142 805 3227 explicatae,
826 3165 907 3226 quas
927 3141 1304 3208 extricandasSchmidt.

185 3245 235 3307 Zt.
259 3244 281 3305 l.
306 3265 330 3306 c.
354 3267 384 3327 p.
408 3245 467 3306 361
494 3245 570 3306 aliis
597 3244 765 3327 relinquit.
809 3244 989 3309 Praeterea
1012 3245 1214 3310 Schmidtius
1238 3266 1305 3308 sen·

182 3345 289 3410 tentia
320 3365 478 3436 persaepe
511 3349 641 3408 mutata
671 3344 783 3429 plures
814 3348 872 3409 uni
903 3347 1035 3432 glossae
1064 3347 1160 3412 affert
1184 3348 1305 3411 coniec-

182 3454 276 3517 turas
308 3448 365 3524 ita,
398 3447 455 3509 vix
477 3450 516 3509 ut
539 3444 578 3508 de
602 3468 682 3510 vera
705 3447 775 3510 eius
800 3451 965 3513 sententia
988 3449 1164 3514 diiudicari
1186 3450 1304 3534 possit;

184 3550 259 3614 aliis
284 3549 490 3613 coniecturas
513 3549 659 3632 iniungit
683 3549 753 3613 siue
777 3551 973 3615 arbitrariae
998 3553 1068 3617 sive
1090 3553 1189 3615 nimis
1208 3556 1304 3616 tamea

182 3654 289 3718 rarias
304 3656 403 3735 atque
419 3649 574 3729 audaces;
593 3650 678 3714 alias
697 3651 821 3739 linguis
841 3654 992 3737 cognatis
1011 3676 1128 3738 parum
1146 3655 1301 3739 respectis

184 3756 255 3818 sine
275 3775 392 3817 caussa
410 3751 498 3817 haud
517 3753 739 3838 probabiliter
757 3759 877 3833 rnutat;
901 3754 985 3820 alias
1003 3761 1118 3842 utpote
1135 3762 1301 3841 suspectas

183 3857 237 3919 vel
269 3857 401 3940 spurias
426 3861 459 3919 et
482 3857 646 3920 insiticias
671 3854 802 3944 Cypriis
826 3857 997 3922 abiudicat
1020 3864 1053 3922 et
1076 3881 1115 3922 ex
1138 3858 1299 3942 Hesychio

184 3957 238 4020 vel
260 3960 381 4042 potius⁷
412 3963 450 4022 ut
473 3959 659 4022 accuratius
683 3958 799 4038 dicam,
826 3959 1034 4046 Diogeniano
1057 3963 1178 4046 injuria
1201 3965 1299 4024 exter-

184 4059 301 4150 minat:
324 4066 491 4143 postremc
515 4062 549 4122 in
571 4059 649 4123 Hes.
674 4059 1299 4146 editioneminoretdenae1867)5qua
