2862 4668
634 355 846 418 ..52-

177 524 282 587 forma
299 521 460 586 Meinekii
482 522 604 586 iudicio
622 525 775 588 universe
793 521 982 586 Atticorum
1004 524 1139 608 propria
1158 527 1199 604 (v.
1219 522 1308 588 Lob.
1421 579 1422 592 ,

176 625 273 690 Path.
288 623 339 688 El.
357 624 401 704 Π,
425 625 488 706 27).
523 623 633 690 Radix
653 625 783 690 videtur
806 625 872 690 ‹lhs
896 623 998 708 (Ourt.
1021 625 1108 708 243),
1131 625 1171 688 cf.
1191 623 1309 690 alban.
1421 607 1422 664 l

176 727 277 792 covvd
299 731 468 808 „movere“
490 757 533 783 =
554 726 668 808 eoae,
691 725 840 793 Camard.
863 727 890 809 Ι,
913 731 963 792 74.
987 766 1027 774 -

261 828 390 894 Deinde
421 830 484 896 huo
519 830 665 916 pertinet
695 830 739 916 gl.
771 831 863 896 soa·
896 825 1116 915 ἀρτύματα.
1149 836 1185 894 K.
1218 827 1307 912 (cod.

178 931 364 1020 opstipum,
387 953 445 996 em.
463 930 607 1016 (impet),
626 953 724 1016 quam
743 933 816 998 coll.
836 929 951 1018 cyrill.
974 930 1117 999 Vindob.
1134 933 1195 996 171
1218 931 1309 1017 toci·

176 1045 291 1117 ταχεῖα
312 1027 333 1121 ii
356 1031 457 1115 ὀξεῖα,
479 1033 546 1121 56η
570 1034 607 1100 dd
628 1035 754 1116 λέγεται
777 1031 795 1122 ἡ
819 1040 923 1100 θυσία
942 1055 1014 1098 oum
1032 1032 1215 1099 Schmidtio
1236 1054 1310 1098 cor-

176 1137 348 1224 rigendam
371 1157 486 1200 censeo
510 1134 603 1217 θόεα,
631 1135 717 1201 unde
739 1141 879 1222 utraque
902 1136 1016 1223 glossa
1038 1140 1072 1200 et
1095 1133 1211 1220 Gyrill.
1234 1136 1309 1222 θόη

178 1244 211 1304 et
237 1240 316 1304 Hes.
343 1240 411 1304 θύα
440 1238 660 1325 corruptelam
690 1241 804 1304 traxit.
853 1239 947 1305 55111
966 1243 1093 1320 autem,
1126 1237 1213 1324 quod
1242 1235 1310 1322 Cy·

177 1344 267 1428 prios
296 1343 331 1406 in
358 1342 591 1406 terminatione
619 1341 703 1427 plur.
732 1345 761 1406 3.
785 1341 866 1406 decl.
889 1346 995 1406 neutr.
1020 1343 1245 1406 contractione
1272 1343 1308 1403 in

177 1468 197 1533 η
221 1444 423 1512 abstinuisse
454 1442 550 1508 docet
579 1447 620 1526 (v.
644 1468 674 1530 p.
700 1447 762 1527 u),
793 1467 852 1530 pro
876 1444 965 1530 vulg.
989 1444 1055 1532 θύη
1078 1447 1200 1525 „tura“
1224 1441 1308 1506 dioi-

176 1553 240 1629 tur,
267 1546 336 1612 rad.
365 1545 441 1628 dha
471 1548 563 1612 cuius
591 1569 614 1611 u
642 1551 812 1612 vetustum
839 1546 949 1612 alban.
994 1551 1134 1631 θουρξτί
1160 1545 1309 1628 „sacrifi-

178 1653 282 1716 cium“
305 1648 476 1734 (Xyland.)
501 1648 606 1713 offert.
631 1687 671 1696 -

262 1752 408 1840 μόψος’
432 1753 545 1838 κηλὶς
567 1746 587 1838 ἡ
611 1749 650 1817 ἐν
672 1734 758 1825 ἑοῖς
781 1751 976 1833 ἱματίοις.
1000 1757 1037 1816 Κ.

262 1854 388 1921 Sakell.
418 1879 449 1940 p.
481 1855 559 1934 214,
591 1858 630 1917 ut
661 1853 876 1918 ariolationes
907 1858 1058 1919 veterum
1084 1856 1305 1939 interpretum

103 2041 110 2052 ι
178 1958 311 2024 silentio
339 1962 599 2043 praetereamus,
632 1955 778 2041 glossam
808 1977 828 2020 a
856 1961 921 2021 vet.
953 1954 1083 2037 μολύνω
1114 1955 1195 2038 (rad.
1225 1957 1299 2038 mal)

177 2060 328 2127 derivare
358 2058 508 2138 videtur,
539 2057 625 2123 unde
653 2063 747 2144 patet
774 2070 803 2146 ψ
834 2057 926 2123 nullo
957 2057 1053 2122 modo
1085 2079 1182 2144 posse
1215 2080 1305 2124 reve·

176 2162 254 2227 lari:
282 2164 348 2227 imo
379 2163 408 2226 si
438 2160 517 2246 quid
539 2160 635 2226 video
666 2161 708 2225 ad
730 2161 798 2226 rad.
821 2164 888 2242 μυδ
910 2159 964 2224 vel
988 2163 1083 2241 σμυδ,
1107 2182 1191 2245 quae
1215 2181 1308 2225 voco.

176 2265 313 2348 μυδ-άω,
343 2285 443 2350 germ.
475 2285 566 2328 smuz
595 2261 698 2346 (Ourt.
722 2266 796 2345 314)
826 2265 977 2330 subiecta
1005 2268 1064 2344 est,
1096 2265 1145 2326 ita
1174 2268 1310 2348 spectat

176 2372 214 2432 ut
241 2367 356 2455 μόψος
387 2365 430 2430 ad
458 2371 517 2430 att.
545 2366 650 2447 μύσος
677 2369 697 2431 i.
722 2387 748 2429 e.
770 2369 909 2447 μυδ-σος
931 2367 1067 2452 propius
1091 2387 1125 2429 se
1148 2365 1309 2450 applicet,

178 2468 265 2554 quod
286 2470 359 2554 ipse
380 2467 569 2552 Hesychius
597 2489 666 2533 voc.
690 2468 890 2551 ῥυπάσματα
916 2469 1164 2554 interpretatur.
1210 2465 1309 2532 Cras-

178 2573 246 2637 sior
260 2576 370 2635 autem
385 2581 414 2657 ψ
427 2569 543 2634 littera
558 2570 694 2655 perinde
714 2569 924 2656 explananda
943 2575 994 2634 est
1012 2591 1050 2634 ae
1062 2569 1143 2635 aeol.
1165 2569 1307 2652 Ψαπφώ

179 2672 313 2759 (Sapph.
333 2674 370 2737 fr.
392 2673 420 2752 1,
437 2676 486 2738 20.
511 2675 549 2736 59
570 2673 646 2757 [58])
670 2695 730 2758 pro
749 2672 889 2756 Σαπφώ,
913 2671 1000 2757 quod
1019 2669 1153 2737 Curtius
1173 2673 1235 2734 651
1256 2693 1306 2756 sq.
1418 2733 1421 2746 ,

177 2797 236 2862 per
259 2795 307 2859 σφ
330 2774 519 2838 litterarum
536 2775 829 2860 transpositionem
853 2773 934 2857 (rad.
954 2774 1051 2857 svak)
1074 2773 1163 2840 haud
1185 2775 1307 2859 impro-

176 2878 336 2944 babiliter
365 2876 524 2942 illustrat.
569 2875 732 2942 Similiter
760 2878 838 2942 Hes.
869 2879 985 2964 ψαλίς·
1009 2915 1050 2923 -
1072 2886 1187 2958 ταχεῖα
1216 2881 1306 2963 κίνη-

179 3000 229 3055 σις
257 3003 274 3045 e
300 2979 370 3045 rad.
399 2981 462 3044 σαλ
492 2981 544 3062 (cf.
572 2980 650 3044 Hes.
684 2980 821 3064 σαλυγή·
849 2975 869 3065 ἡ
898 2978 1034 3066 συνεχὴς
1062 2981 1199 3066 κίνησις)
1226 2979 1248 3041 1.
1278 2999 1306 3042 e.

179 3084 273 3147 efai
292 3080 485 3165 (01111347)
505 3087 613 3147 ortum
636 3083 737 3167 cepit:
761 3083 862 3146 series
885 3083 989 3168 igitur
1011 3082 1190 3146 formarum
1213 3075 1306 3146 colli-

178 3185 269 3270 gitur
292 3186 438 3265 σΓαλ-ις,
463 3186 604 3268 σφαλ-ις,
633 3186 776 3268 poet-or,
804 3185 914 3271 ψαλίς.
959 3184 1127 3268 Peraeque
1153 3189 1304 3248 nostrum
1418 3229 1419 3234 κ

176 3285 291 3373 μόψος
314 3308 331 3350 e
353 3288 460 3352 forma
483 3285 686 3372 amplificata
716 3290 897 3368 uod-onor
928 3287 961 3370 (i.
990 3307 1017 3350 e.
1039 3288 1233 3368 μυδ-σῙο-ς,
1264 3287 1303 3349 cf.

178 3385 269 3452 Ourt.
289 3390 363 3470 550)
379 3390 590 3474 progenitum
608 3394 668 3470 est,
687 3390 780 3454 cuius
799 3389 998 3454 accessionis
1017 3388 1207 3474 analogiam
1223 3388 1303 3452 Hes.
1418 3471 1419 3476 ἵ

177 3497 344 3577 poenino·
386 3491 580 3574 [μυχοισμόν
591 3489 618 3575 1]
660 3491 816 3573 μύσαγμα
855 3493 1028 3577 perspicue
1068 3489 1303 3576 suppeditatl)
1418 3477 1419 3480 ¹

177 3592 268 3680 Ergo

263 3869 287 3932 1)
306 3869 430 3918 Similiter
442 3871 504 3920 Hes.
521 3858 638 3936 μὺσκοςζ·
656 3867 765 3935 μίασμα
782 3869 898 3919 indidem
910 3870 1000 3934 procul
1019 3870 1097 3920 dubio
1115 3885 1161 3935 per
1178 3871 1304 3923 suffixum

107 4008 110 4014 ,
175 3967 208 4003 ’κο
231 3954 373 4003 deflexum:
401 3971 453 4017 qua
476 3957 509 4002 de
530 3954 618 4014 glossa
641 3970 693 4002 non
716 3954 846 4016 ambigere
870 3955 980 4004 debebat
998 3956 1122 4007 Schmidt.
1158 3957 1224 4006 Inde
1241 3974 1303 4007 vero

177 4031 249 4086 hau'd
272 4039 325 4087 scio
347 4055 381 4087 au
404 4055 525 4104 neocypr.
548 4029 644 4105 μασκᾶ
666 4031 697 4104 ,ἡ
722 4031 797 4096 ἐντὸς
819 4041 875 4090 τῶν
892 4031 1031 4090 δακτύλων
1054 4043 1109 4092 τῶν
1125 4039 1221 4092 ποδῶν
1239 4033 1302 4094 dact·

177 4121 297 4190 θαρσίοια
313 4123 555 4185 progerminarerit:
574 4127 607 4173 de
625 4139 694 4188 cypr.
714 4142 731 4172 o
749 4149 783 4167 =
800 4141 816 4174 v
834 4141 858 4174 v.
876 4141 902 4188 p.
921 4127 962 4176 41.
983 4151 1016 4161 -
