2862 4668
591 315 633 324 ..
677 279 802 377 23*-

218 470 285 512 non
313 468 329 510 e
356 445 513 511 Semitieo
538 457 623 535 γῆν)
645 448 773 527 „fossa“
797 446 1017 537 (hebnptu'j)
1042 445 1257 512 derivandum

134 555 193 631 est,
218 547 306 634 quod
327 547 499 612 Hamaker
520 546 613 619 Misc.
635 548 759 613 Phoen.
777 571 808 634 p.
829 551 891 614 303
909 548 1016 614 voluit
1038 551 1256 634 probantibus

134 651 280 718 esseni..
297 650 385 714 uon.
403 649 526 713 moen.
549 673 579 734 p.
599 651 660 715 aas
684 655 718 714 a
735 649 894 715 Schmidt.
917 652 952 714 in
967 651 1087 716 enno.
1110 634 1169 733 xi,
1187 655 1256 734 sev,

136 754 196 820 sed
219 755 361 839 genuina
383 757 434 817 est
454 775 520 817 vox
543 773 672 838 graeca
715 751 793 816 Jom
814 751 931 838 Engel.
955 775 979 816 s.
1003 777 1033 818 v.
1056 752 1146 840 vulg.
1170 749 1257 840 ἄρρι-

138 860 191 934 ζος
210 859 242 940 (i.
262 879 287 920 e.
304 851 478 939 d-fpicog,
502 855 541 918 ef.
566 853 648 918 aeol.
667 858 803 939 βρίσδα,
827 854 896 918 rad.
925 857 1027 940 fpud)
1048 855 1186 920 afferens
1206 877 1258 920 ex·

137 958 242 1044 plicat
263 956 427 1038 „tumulus
450 955 578 1020 radices
601 979 667 1022 non
689 956 831 1042 amplius
858 961 990 1042 agens“.
1034 957 1106 1022 Hoc
1137 979 1216 1022 sane
1239 981 1259 1022 a

136 1065 235 1146 poeta
257 1061 438 1146 aegerrime
454 1058 494 1122 de
513 1057 662 1143 sepulcro
682 1058 748 1122 dici
762 1059 881 1143 possit:
906 1064 941 1123 at
963 1060 1033 1123 iure
1056 1060 1258 1140 miraremur,

136 1184 195 1226 eur
216 1161 385 1246 dignmmi,
409 1163 501 1225 cuius
523 1165 657 1224 tenaces
677 1157 818 1245 Cyprios
833 1161 936 1225 fuisse
954 1161 1041 1224 infra
1062 1160 1258 1241 videbimus,

134 1267 281 1350 vestigia
303 1285 439 1349 prorsus
462 1263 682 1327 evanuissent.
726 1262 797 1326 Imo
822 1264 851 1326 si
874 1265 1081 1327 coniecturae
1103 1262 1156 1326 illi
1177 1261 1258 1327 fides

136 1367 275 1452 adiungi
301 1370 424 1452 posset,
455 1386 472 1428 e
500 1363 642 1428 dialecto
671 1368 935 1449 exspectaremus
960 1361 1096 1449 άοριζος.
1140 1365 1259 1430 Potius

135 1471 171 1534 in
195 1464 313 1554 άριζος,
338 1466 425 1552 quod
448 1467 565 1530 seriem
587 1465 775 1530 litterarum
797 1465 912 1546 violat,
945 1468 1100 1532 formatio
1124 1464 1259 1552 Cyprio-

135 1595 210 1636 rum
236 1571 371 1655 propria
398 1568 483 1632 latet
509 1591 568 1653 pro
597 1567 686 1652 vulg.
710 1564 805 1654 ἠρίον
834 1567 941 1651 (Hom.
968 1574 1001 1633 Ψ
1033 1571 1102 1634 126.
1146 1568 1259 1655 Apoll.

135 1673 200 1737 lex.
223 1673 273 1752 84,
297 1673 361 1753 30),
385 1669 472 1755 quod
495 1672 536 1735 ab
561 1668 619 1755 ἔρα
642 1674 768 1750 „terra“
793 1669 875 1752 (rad.
899 1692 936 1734 ar
959 1667 1048 1736 Ourt.
1072 1673 1148 1754 319)
1171 1672 1260 1738 haud

136 1774 222 1840 male
252 1773 414 1852 derivant,
441 1771 508 1836 vid.
526 1770 579 1834 Et.
601 1771 645 1835 M.
668 1773 793 1857 pfl37,
819 1775 873 1850 143
902 1777 935 1836 et
965 1773 1000 1836 in
1028 1775 1260 1840 terminatione

137 1876 345 1962 quidem-Coe,
378 1896 476 1958 quarn
504 1875 606 1950 λοι-ζον
632 1873 796 1954 mutarim,
829 1873 1069 1940 deminutivum
1095 1877 1183 1940 inest
1212 1877 1261 1940 ita

136 1985 176 2043 ut
207 1973 316 2064 άριζον
348 1998 365 2040 ο
397 1975 533 2040 dialecti
564 1975 696 2062 legibus
725 1975 849 2041 dictum
877 1977 923 2040 sit
950 1999 1009 2062 pro
1038 1971 1185 2064 *ἠρίδιον
1208 1978 1261 2060 (cf.

139 2079 237 2164 paph.
260 2079 356 2159 κόρζα
373 2107 415 2134 =
432 2081 561 2161 καρδία,
584 2077 674 2163 vulg.
696 2077 796 2154 πεζός
816 2106 860 2133 =
880 2080 1049 2156 πεδ-ιο-ς);
1081 2078 1168 2163 quod
1190 2101 1260 2144 voc.

141 2181 246 2264 τάφος
268 2180 440 2260 ,,ῒοιοο1οε,
463 2179 667 2265 sepulcrum“
690 2179 779 2263 (Hes.
797 2179 917 2263 τάφος·
940 2217 982 2226 -
1003 2179 1139 2265 τύμβος)
1159 2182 1260 2266 aptis·

140 2284 222 2346 sime
245 2281 436 2368 explicatur.
460 2321 501 2328 -
525 2279 648 2346 Contra
666 2280 848 2346 Sakellarii
866 2283 1031 2346 sententia
1054 2277 1161 2366 άριζος
1180 2304 1220 2346 ex
1239 2306 1260 2347 α
1339 2367 1340 2370 ¹

8 2455 9 2458 ,
137 2385 312 2466 intensive,
336 2384 422 2470 quod
444 2383 572 2450 nullum
595 2387 655 2464 est,
690 2387 723 2447 ct
746 2385 850 2468 ῥοῖζος
881 2385 1079 2469 „strepitus‘
1102 2387 1260 2470 composi·

136 2492 213 2558 tum,
230 2508 302 2552 esse
330 2489 434 2570 (,,ἤτοο
459 2487 574 2564 τόπος,
598 2484 649 2570 ἐφ’
678 2480 715 2550 ὃν
745 2484 850 2561 πολὺς
876 2492 999 2567 γίνεται
1027 2487 1166 2570 ῥοῖζος)
1195 2512 1260 2553 non

136 2593 206 2652 tam
237 2590 423 2654 sententiae
455 2610 572 2653 caussa
603 2588 665 2652 hoc
700 2587 772 2652 loco
812 2587 959 2652 insulsae
996 2609 1094 2672 quam
1124 2596 1260 2675 propter

140 2691 336 2777 diphthongi
366 2692 401 2754 in
429 2715 440 2754 ο
468 2691 707 2754 coartationem
734 2711 751 2753 e
778 2695 890 2755 vetere
914 2689 1116 2756 Graecorum
1144 2691 1261 2778 lingua

138 2794 341 2881 incognitam
364 2783 453 2857 omni
475 2791 571 2857 modo
594 2789 812 2878 improbanda
835 2813 873 2855 ac
895 2791 1061 2858 reicienda
1085 2797 1144 2858 est.
1167 2831 1209 2842 --

222 2895 379 2981 Sequitur
401 2893 445 2981 gl.
468 2894 628 2978 βάλλοι·
651 2895 808 2976 βαθμοὶ
829 2888 904 2956 άπὸ
928 2899 965 2957 Κ.

221 3027 264 3054 =
294 2998 401 3084 βηλοί,
433 2996 502 3061 rad.
534 2995 632 3080 βα1);
663 2995 769 3058 forma
803 2994 997 3079 principalis
1034 2999 1086 3060 est
1115 2997 1260 3082 βα-λ)ὀ-ι,

135 3098 223 3164 unde
246 3103 279 3163 et
302 3121 391 3184 cypr.
413 3099 532 3184 βάλλοι
554 3099 682 3161 intacta
712 3097 807 3162 brevi
828 3095 937 3161 vocali
959 3117 1018 3185 per
1041 3097 1261 3162 assimulatio-

135 3223 212 3266 nem
233 3202 478 3287 progressivam
507 3200 558 3282 (cf.
586 3220 698 3283 ncypr.
721 3196 893 3283 παλλούρο
914 3227 957 3254 =
978 3202 1044 3262 vet.
1067 3201 1259 3286 πολίοορος)
1353 3268 1354 3271 ,

136 3305 331 3392 generisque
354 3302 530 3389 enallagen
553 3302 605 3385 (cf.
630 3322 719 3386 cypr.
741 3304 900 3386 βροῦκαν·
927 3296 1056 3386 χλωράν
1079 3297 1197 3386 ἀκρίδα
1219 3331 1261 3358 =

121 3408 202 3470 don.
225 3411 374 3490 βροῦκος,
396 3409 545 3490 βροῦχος.
568 3403 677 3485 pisso·
709 3401 802 3488 φωνή
825 3430 867 3457 =
888 3400 1006 3482 μάθος.
1029 3406 1136 3483 κίμαι·
1159 3402 1261 3484 χυμός

136 3537 178 3564 =
208 3514 310 3590 χομοί
336 3507 414 3570 Hes.
458 3507 543 3572 Item
571 3525 684 3591 ncypr.
712 3500 731 3590 ἡ
760 3503 883 3586 κλοάβα
909 3532 952 3558 =
979 3507 1044 3568 vet.
1077 3498 1095 3567 ὃ
1125 3503 1259 3586 κλωβάς.

135 3609 249 3673 κοοοιά
279 3611 300 3672 i.
332 3631 357 3672 c.
388 3608 447 3672 lat.
480 3630 610 3673 cuneus.
643 3605 746 3691 λοάρα
777 3633 820 3661 =
848 3609 913 3669 vet.
940 3605 1052 3690 λάρος.
1080 3603 1189 3686 μάλλα
1218 3634 1261 3661 --

134 3712 258 3793 μαλλός
282 3711 336 3792 al.)
361 3717 394 3776 ot
417 3710 505 3794 vulg.
528 3709 642 3794 βα-λός
665 3709 755 3792 (Hes
776 3707 895 3791 βαλόν·
920 3701 1029 3784 οὐδόν,
1054 3707 1092 3770 cf.
1115 3706 1259 3770 Belrker.

221 4037 242 4102 1)
262 4036 388 4088 Gesenius
406 4037 423 4085 1.
442 4036 460 4084 l.
479 4051 503 4096 p.
524 4036 572 4084 387
592 4037 691 4084 confert
710 4024 787 4110 λήξῃ
807 4037 947 4100 „grodus“,
973 4035 1026 4085 sino
1045 4032 1123 4092 dubio
1142 4033 1219 4087 falso.
