2862 4668
579 343 792 406 „13-

119 511 225 577 oculis
248 509 437 576 luculenter
451 531 671 595 proponamus
691 516 724 574 et
743 532 871 575 omnem
890 511 988 575 simul
1007 505 1249 577 dubitationem

119 637 206 700 quae
230 613 270 677 de
296 612 423 697 origine
450 609 588 676 dialecti
611 609 808 698 Cypriorum
830 613 1006 678 universae
1029 635 1105 678 vere
1129 636 1252 700 graeca

120 718 268 802 cuipiam
291 712 454 794 acciderit,
483 712 526 776 ad
549 715 682 778 irritum
704 713 853 779 funditus
876 713 1075 800 redigamus.
1120 716 1248 793 Quibus

119 820 157 882 in
190 817 437 901 quaestionibus
469 815 555 879 hanc
582 837 710 900 semper
737 818 900 881 rationem
926 819 1032 882 secuti
1059 841 1179 901 sumus,
1210 826 1249 886 ut

122 918 265 984 traditas
292 917 421 1004 glossas
450 916 614 1002 siquidem
641 917 753 1002 aliquo
781 918 878 984 modo
907 924 1022 1005 aptum
1047 921 1173 987 habent
1195 945 1248 988 ex·

121 1021 281 1106 plicatum
310 1041 416 1103 neque
448 1041 507 1105 per
539 1041 574 1083 se
605 1020 640 1082 in
668 1020 882 1085 offensionem
911 1026 944 1085 et
970 1023 1247 1108 improbationem

121 1122 251 1204 cadunt,
274 1126 427 1187 tueamur
451 1126 484 1186 et
506 1121 691 1207 repudiatis
715 1124 912 1188 coniecturis
935 1127 1121 1190 temerariis
1145 1149 1161 1190 e
1181 1126 1249 1190 dia·

117 1225 204 1290 lecto
235 1223 456 1303 illustremus;
486 1225 566 1288 item
598 1223 729 1310 glossas
761 1223 801 1288 de
829 1225 1051 1310 originatione
1080 1228 1248 1312 hucusque

116 1327 346 1413 inexploratae
370 1327 570 1412 comparatis
592 1325 717 1412 linguis
734 1327 894 1412 cognatis,
918 1327 1033 1412 quales
1054 1330 1205 1416 inprimis
1230 1353 1246 1394 e
1313 1389 1315 1396 ,

116 1429 299 1514 praeclaris
332 1426 440 1494 Curtii
469 1427 654 1492 Elementis
687 1427 798 1512 Etym.
829 1427 905 1493 Gn³
938 1435 971 1494 et
996 1431 1109 1496 Fickii
1139 1431 1246 1498 lexico

118 1533 370 1616 comparativo²
383 1531 583 1616 primoribus
598 1552 701 1616 paene
717 1530 822 1596 labris
833 1567 875 1578 -
885 1535 958 1616 quis
976 1535 1063 1619 enim
1078 1534 1163 1598 tales
1177 1535 1246 1600 fon-

116 1639 168 1697 tes
193 1635 288 1717 quasi
310 1655 469 1719 perennes
497 1654 602 1716 neque
628 1655 774 1716 unquam
797 1639 1024 1700 excrescentes
1051 1637 1157 1721 primo
1181 1641 1246 1700 sta·

115 1737 178 1798 tim
199 1737 326 1821 impetu
350 1733 548 1800 exhauriat?
572 1735 645 1818 quis
668 1734 754 1799 tales
771 1735 945 1800 thesauros
965 1739 1102 1822 gemmis
1121 1738 1246 1824 pulcer·

114 1839 209 1902 rimis
233 1858 272 1900 ac
293 1838 545 1922 pretiosissimis
568 1836 713 1922 repletos
738 1837 931 1902 exinaniat?
954 1877 998 1886 —-
1020 1841 1130 1925 carpsi
1147 1840 1244 1920 modo

117 1945 152 2004 et
181 1939 338 2019 delibavi,
369 1937 412 2002 ad
440 1961 534 2003 suam
561 1959 723 2024 quamque
752 1939 898 2006 radicem
919 1961 1109 2006 revocemus
1131 1943 1245 2028 itaque

119 2041 242 2127 glossis
266 2040 463 2125 quibusdam
486 2062 526 2104 ex
549 2041 750 2125 antiquitate
767 2044 851 2106 bene
870 2044 1022 2124 servatis²
1046 2066 1129 2127 quae
1146 2046 1245 2109 inuti-

118 2143 209 2208 libus
236 2142 325 2208 haud
349 2165 425 2207 raro
454 2143 651 2207 coniecturis
677 2148 819 2208 vexatae
846 2148 879 2207 et
903 2146 1093 2230 exagitatae
1121 2151 1180 2211 aut
1202 2147 1245 2212 ad

119 2243 288 2309 Orientem
315 2245 384 2309 sine
415 2265 533 2309 caussa
562 2244 740 2330 ablegatae
769 2249 856 2325 sunt,
885 2246 957 2330 opis
985 2245 1113 2331 aliquid
1143 2253 1243 2333 atque

116 2346 238 2411 salutis
251 2370 309 2432 pro
324 2349 452 2413 viribus
466 2348 590 2412 nostris
605 2347 761 2412 tenuibus
778 2345 968 2415 afferamus:
985 2353 1099 2414 contra
1111 2349 1242 2436 glossas
1274 2382 1276 2386 ·

38 2487 41 2492 ·
115 2454 231 2534 aperte
262 2453 434 2534 corruptas
462 2470 501 2512 ac
527 2449 727 2535 depravatas
757 2448 1043 2516 emendationibus
1073 2474 1171 2536 quam
1198 2452 1244 2516 le-

113 2552 262 2616 nissimis
290 2552 427 2635 verique
456 2551 635 2615 simillimis
663 2552 698 2614 in
727 2551 903 2638 integrum,
935 2557 1094 2637 quantum
1116 2555 1151 2620 id
1174 2557 1244 2640 qui-

117 2652 190 2716 dem
212 2655 248 2716 in
270 2655 367 2720 nobis
391 2654 463 2734 erit,
486 2655 713 2718 restituamus.

201 2756 415 2841 Tripertitam
437 2761 547 2820 autem
571 2755 839 2820 dissertationem
856 2756 957 2822 velim
979 2759 1028 2822 ita
1050 2763 1088 2822 ut

270 2879 340 2942 cap.
362 2857 388 2920 Ι.
413 2856 452 2921 de
475 2858 657 2938 vocalibus,

270 2981 338 3044 cap.
361 2959 406 3022 Π.
430 2958 469 3024 de
493 2961 760 3040 consonantibus,

269 3083 338 3146 cap.
362 3061 424 3124 lH.
448 3060 487 3125 de
506 3061 736 3126 affectionibus
754 3061 923 3126 nonnullis
945 3063 1089 3128 maxime
1108 3062 1240 3152 Cypriis
1328 3057 1331 3074 ¹

361 3163 583 3229 familiaribus

112 3287 268 3350 agamus:
290 3270 458 3350 postremo
482 3265 674 3352 appendicis
697 3266 804 3330 instar
826 3264 974 3352 lexiloga
998 3289 1014 3332 e
1037 3274 1150 3335 vetere
1173 3271 1243 3337 dia-

111 3366 200 3431 lecto
225 3369 505 3452 comportabimus
524 3371 638 3453 itaque
660 3367 782 3454 glossis
802 3365 934 3454 prriis
953 3393 1037 3455 quae
1055 3375 1152 3439 nobis
1172 3377 1242 3458 qui·

114 3467 187 3532 dem
211 3475 397 3554 supersunt,
411 3469 464 3534 ‘ad
486 3493 586 3535 unam
605 3473 757 3538 omnibus
777 3470 907 3537 abunde
925 3474 1178 3540 satisfaciemus.
1197 3515 1242 3524 —

521 3697 829 3704 ———----—.-—

198 3877 220 3942 J
222 3901 276 3941 am
300 3877 465 3944 absolutis
485 3901 568 3964 quae
587 3879 627 3945 de
645 3882 793 3948 fontibus
817 3886 851 3946 et
872 3883 929 3947 via
951 3905 990 3947 ac
1011 3885 1149 3964 ratione,
1173 3908 1238 3969 qua

111 3978 304 4044 dissertatio
327 3979 494 4066 procedat,
518 3981 656 4046 dicenda
679 3988 783 4065 erant,
805 4006 891 4048 nunc
912 3987 1105 4071 priusquam
1127 3985 1170 4050 ad
1192 3989 1239 4075 ip-

111 4105 184 4147 sum
207 4082 270 4146 hoc
292 4084 501 4170 propositum
525 4083 729 4167 accedamus,
751 4090 857 4152 restat
879 4091 918 4151 ut
