<?xml version="1.0" encoding="UTF-8"?>
<!DOCTYPE html PUBLIC "-//W3C//DTD XHTML 1.0 Transitional//EN"
    "http://www.w3.org/TR/xhtml1/DTD/xhtml1-transitional.dtd">
<html xmlns="http://www.w3.org/1999/xhtml" xml:lang="en" lang="en">
 <head>
  <title>
</title>
<meta http-equiv="Content-Type" content="text/html;charset=utf-8" />
  <meta name='ocr-system' content='tesseract 3.04.00' />
  <meta name='ocr-capabilities' content='ocr_page ocr_carea ocr_par ocr_line ocrx_word'/>
</head>
<body>
  <div class='ocr_page' id='page_1' title='image "./quaestionesdecy00rothgoog_0052.png"; bbox 0 0 2862 4668; ppageno 0'>
   <div class='ocr_carea' id='block_1_1' title="bbox 663 350 877 413">
    <p class='ocr_par' dir='ltr' id='par_1_1' title="bbox 663 350 877 413">
     <span class='ocr_line' id='line_1_1' title="bbox 663 350 877 413; baseline -0.005 -15"><span class='ocrx_word' id='word_1_1' title='bbox 663 350 877 413; x_wconf 68' lang='lat'><strong>..44-</strong></span> 
     </span>
    </p>
   </div>
   <div class='ocr_carea' id='block_1_2' title="bbox 144 519 1416 3066">
    <p class='ocr_par' dir='ltr' id='par_1_2' title="bbox 179 519 1416 1940">
     <span class='ocr_line' id='line_1_2' title="bbox 205 519 1350 605; baseline 0 -21"><span class='ocrx_word' id='word_1_2' title='bbox 205 522 340 602; x_wconf 80' lang='grc' dir='ltr'>καρδία,</span> <span class='ocrx_word' id='word_1_3' title='bbox 372 520 453 586; x_wconf 82' lang='grc'>0001.</span> <span class='ocrx_word' id='word_1_4' title='bbox 481 519 582 604; x_wconf 82' lang='grc' dir='ltr'><em>κάρζα</em></span> <span class='ocrx_word' id='word_1_5' title='bbox 611 519 677 605; x_wconf 82' lang='lat' dir='ltr'><strong>(Et.</strong></span> <span class='ocrx_word' id='word_1_6' title='bbox 709 520 754 584; x_wconf 89' lang='lat' dir='ltr'><strong>M.</strong></span> <span class='ocrx_word' id='word_1_7' title='bbox 777 523 850 600; x_wconf 82' lang='grc'>407,</span> <span class='ocrx_word' id='word_1_8' title='bbox 878 519 933 605; x_wconf 87' lang='grc'>91)</span> <span class='ocrx_word' id='word_1_9' title='bbox 946 519 984 605; x_wconf 67' lang='grc'><strong>1),</strong></span> <span class='ocrx_word' id='word_1_10' title='bbox 1007 540 1106 603; x_wconf 84' lang='lat' dir='ltr'><strong>quam</strong></span> <span class='ocrx_word' id='word_1_11' title='bbox 1128 520 1274 584; x_wconf 85' lang='lat' dir='ltr'><strong>formam</strong></span> <span class='ocrx_word' id='word_1_12' title='bbox 1301 519 1350 586; x_wconf 79' lang='lat' dir='ltr'><strong>G.</strong></span> 
     </span>
     <span class='ocr_line' id='line_1_3' title="bbox 205 619 1416 710; baseline 0.001 -24"><span class='ocrx_word' id='word_1_13' title='bbox 205 621 351 688; x_wconf 85' lang='lat' dir='ltr'><strong>Dindorf</strong></span> <span class='ocrx_word' id='word_1_14' title='bbox 377 622 486 709; x_wconf 76' lang='lat' dir='ltr'><strong>(Thes.</strong></span> <span class='ocrx_word' id='word_1_15' title='bbox 508 623 553 705; x_wconf 96' lang='grc' dir='ltr'><strong>Π,</strong></span> <span class='ocrx_word' id='word_1_16' title='bbox 586 624 723 710; x_wconf 74' lang='grc'>110611)</span> <span class='ocrx_word' id='word_1_17' title='bbox 752 624 860 689; x_wconf 84' lang='lat' dir='ltr'><strong>tribus</strong></span> <span class='ocrx_word' id='word_1_18' title='bbox 883 619 1044 704; x_wconf 81' lang='lat' dir='ltr'><strong>Aeschyli</strong></span> <span class='ocrx_word' id='word_1_19' title='bbox 1066 619 1162 686; x_wconf 90' lang='lat' dir='ltr'><strong>locis:</strong></span> <span class='ocrx_word' id='word_1_20' title='bbox 1191 619 1288 708; x_wconf 87' lang='lat' dir='ltr'><strong>Sept.</strong></span> <span class='ocrx_word' id='word_1_21' title='bbox 1320 645 1350 686; x_wconf 90' lang='grc'><strong>0.</strong></span> <span class='ocrx_word' id='word_1_22' title='bbox 1415 635 1416 640; x_wconf 76' lang='grc'>’</span> 
     </span>
     <span class='ocr_line' id='line_1_4' title="bbox 205 723 1350 813; baseline 0.003 -25"><span class='ocrx_word' id='word_1_23' title='bbox 205 725 306 790; x_wconf 81' lang='lat' dir='ltr'><strong>Theb.</strong></span> <span class='ocrx_word' id='word_1_24' title='bbox 326 725 398 790; x_wconf 88' lang='grc'>988.</span> <span class='ocrx_word' id='word_1_25' title='bbox 431 725 544 813; x_wconf 85' lang='lat' dir='ltr'><strong>Suppl.</strong></span> <span class='ocrx_word' id='word_1_26' title='bbox 564 729 613 790; x_wconf 89' lang='grc'><strong>79.</strong></span> <span class='ocrx_word' id='word_1_27' title='bbox 634 729 695 793; x_wconf 88' lang='grc'><strong>799</strong></span> <span class='ocrx_word' id='word_1_28' title='bbox 718 727 901 792; x_wconf 74' lang='lat' dir='ltr'><strong>rectissime</strong></span> <span class='ocrx_word' id='word_1_29' title='bbox 923 724 1082 804; x_wconf 83' lang='lat' dir='ltr'><strong>restituit,</strong></span> <span class='ocrx_word' id='word_1_30' title='bbox 1105 723 1195 809; x_wconf 86' lang='lat' dir='ltr'><strong>goth.</strong></span> <span class='ocrx_word' id='word_1_31' title='bbox 1211 723 1350 806; x_wconf 74' lang='lat' dir='ltr'><strong>hairto,</strong></span> 
     </span>
     <span class='ocr_line' id='line_1_5' title="bbox 205 825 1349 912; baseline 0.003 -23"><span class='ocrx_word' id='word_1_32' title='bbox 205 826 265 891; x_wconf 91' lang='lat' dir='ltr'><strong>lat.</strong></span> <span class='ocrx_word' id='word_1_33' title='bbox 292 825 403 912; x_wconf 84' lang='lat' dir='ltr'><strong>cor[d]‚</strong></span> <span class='ocrx_word' id='word_1_34' title='bbox 430 827 495 892; x_wconf 93' lang='lat' dir='ltr'><strong>vid.</strong></span> <span class='ocrx_word' id='word_1_35' title='bbox 518 828 601 894; x_wconf 88' lang='lat' dir='ltr'><strong>Lob.</strong></span> <span class='ocrx_word' id='word_1_36' title='bbox 625 828 728 893; x_wconf 90' lang='lat' dir='ltr'><strong>Proll.</strong></span> <span class='ocrx_word' id='word_1_37' title='bbox 752 829 815 894; x_wconf 89' lang='grc'>995</span> <span class='ocrx_word' id='word_1_38' title='bbox 838 852 868 891; x_wconf 91' lang='lat' dir='ltr'><strong>n.</strong></span> <span class='ocrx_word' id='word_1_39' title='bbox 893 829 921 892; x_wconf 91' lang='grc'><strong>7.</strong></span> <span class='ocrx_word' id='word_1_40' title='bbox 965 826 1005 889; x_wconf 87' lang='lat' dir='ltr'><strong>ln</strong></span> <span class='ocrx_word' id='word_1_41' title='bbox 1027 827 1159 891; x_wconf 89' lang='lat' dir='ltr'><strong>novicia</strong></span> <span class='ocrx_word' id='word_1_42' title='bbox 1188 825 1349 892; x_wconf 89' lang='lat' dir='ltr'><strong>dialecto</strong></span> 
     </span>
     <span class='ocr_line' id='line_1_6' title="bbox 204 927 1348 1016; baseline 0 -22"><span class='ocrx_word' id='word_1_43' title='bbox 204 934 336 1014; x_wconf 87' lang='lat' dir='ltr'><strong>praeter</strong></span> <span class='ocrx_word' id='word_1_44' title='bbox 361 935 478 1015; x_wconf 78' lang='grc' dir='ltr'><strong><em>καρτία</em></strong></span> <span class='ocrx_word' id='word_1_45' title='bbox 505 932 562 1016; x_wconf 93' lang='lat'><strong>(=</strong></span> <span class='ocrx_word' id='word_1_46' title='bbox 588 935 708 1016; x_wconf 80' lang='grc' dir='ltr'><strong><em>καρδία</em></strong></span> <span class='ocrx_word' id='word_1_47' title='bbox 736 953 753 996; x_wconf 90' lang='lat' dir='ltr'><strong>e</strong></span> <span class='ocrx_word' id='word_1_48' title='bbox 776 930 878 996; x_wconf 90' lang='lat' dir='ltr'><strong>solita</strong></span> <span class='ocrx_word' id='word_1_49' title='bbox 907 927 1037 993; x_wconf 88' lang='lat' dir='ltr'><strong>dicendi</strong></span> <span class='ocrx_word' id='word_1_50' title='bbox 1063 929 1206 1014; x_wconf 84' lang='lat' dir='ltr'><strong>ratione)</strong></span> <span class='ocrx_word' id='word_1_51' title='bbox 1231 931 1348 994; x_wconf 90' lang='lat' dir='ltr'><strong>etiam</strong></span> 
     </span>
     <span class='ocr_line' id='line_1_7' title="bbox 204 1031 1348 1120; baseline 0.002 -26"><span class='ocrx_word' id='word_1_52' title='bbox 204 1036 320 1117; x_wconf 82' lang='grc' dir='ltr'><strong><em>καργία</em></strong></span> <span class='ocrx_word' id='word_1_53' title='bbox 336 1053 360 1095; x_wconf 93' lang='lat' dir='ltr'><strong>s.</strong></span> <span class='ocrx_word' id='word_1_54' title='bbox 372 1037 489 1118; x_wconf 84' lang='grc' dir='ltr'><strong><em>καρκία</em></strong></span> <span class='ocrx_word' id='word_1_55' title='bbox 505 1033 549 1120; x_wconf 86' lang='lat' dir='ltr'><strong>(p.</strong></span> <span class='ocrx_word' id='word_1_56' title='bbox 560 1037 600 1100; x_wconf 87' lang='grc'>39</span> <span class='ocrx_word' id='word_1_57' title='bbox 612 1033 693 1118; x_wconf 87' lang='lat' dir='ltr'><strong>not.)</strong></span> <span class='ocrx_word' id='word_1_58' title='bbox 710 1031 844 1097; x_wconf 86' lang='lat' dir='ltr'><strong>auditur</strong></span> <span class='ocrx_word' id='word_1_59' title='bbox 860 1035 992 1096; x_wconf 89' lang='lat' dir='ltr'><strong>servato</strong></span> <span class='ocrx_word' id='word_1_60' title='bbox 1009 1054 1030 1095; x_wconf 90' lang='grc' dir='ltr'><em>α</em></span> <span class='ocrx_word' id='word_1_61' title='bbox 1044 1031 1241 1117; x_wconf 88' lang='lat' dir='ltr'><strong>principali:</strong></span> <span class='ocrx_word' id='word_1_62' title='bbox 1264 1054 1348 1098; x_wconf 92' lang='lat' dir='ltr'><strong>con·</strong></span> 
     </span>
     <span class='ocr_line' id='line_1_8' title="bbox 205 1131 1347 1221; baseline 0 -23"><span class='ocrx_word' id='word_1_63' title='bbox 205 1138 258 1198; x_wconf 89' lang='lat' dir='ltr'><strong>tra</strong></span> <span class='ocrx_word' id='word_1_64' title='bbox 281 1133 389 1201; x_wconf 84' lang='lat' dir='ltr'><strong>alban.</strong></span> <span class='ocrx_word' id='word_1_65' title='bbox 412 1139 541 1221; x_wconf 65' lang='lat' dir='ltr'><strong>sepsit-o</strong></span> <span class='ocrx_word' id='word_1_66' title='bbox 562 1157 636 1201; x_wconf 88' lang='lat' dir='ltr'><strong>cum</strong></span> <span class='ocrx_word' id='word_1_67' title='bbox 658 1136 793 1202; x_wconf 90' lang='lat' dir='ltr'><strong>notione</strong></span> <span class='ocrx_word' id='word_1_68' title='bbox 810 1133 961 1200; x_wconf 79' lang='lat' dir='ltr'><strong>umbilici</strong></span> <span class='ocrx_word' id='word_1_69' title='bbox 978 1131 1142 1217; x_wconf 82' lang='lat' dir='ltr'><strong>(Camard.</strong></span> <span class='ocrx_word' id='word_1_70' title='bbox 1160 1133 1187 1214; x_wconf 87' lang='lat' dir='ltr'><strong>I,</strong></span> <span class='ocrx_word' id='word_1_71' title='bbox 1207 1135 1278 1220; x_wconf 92' lang='grc'>55).</span> <span class='ocrx_word' id='word_1_72' title='bbox 1298 1174 1347 1184; x_wconf 90' lang='grc'>-</span> 
     </span>
     <span class='ocr_line' id='line_1_9' title="bbox 291 1233 1346 1326; baseline -0.007 -25"><span class='ocrx_word' id='word_1_73' title='bbox 291 1237 460 1323; x_wconf 83' lang='grc' dir='ltr'><em>στροπά·</em></span> <span class='ocrx_word' id='word_1_74' title='bbox 485 1233 685 1326; x_wconf 81' lang='grc' dir='ltr'><strong><em>ἀστραπή.</em></strong></span> <span class='ocrx_word' id='word_1_75' title='bbox 710 1245 750 1305; x_wconf 90' lang='grc' dir='ltr'><strong>Π.</strong></span> <span class='ocrx_word' id='word_1_76' title='bbox 775 1237 830 1323; x_wconf 89' lang='lat' dir='ltr'><strong>(de</strong></span> <span class='ocrx_word' id='word_1_77' title='bbox 852 1237 1085 1301; x_wconf 79' lang='lat' dir='ltr'><strong>terminatione</strong></span> <span class='ocrx_word' id='word_1_78' title='bbox 1107 1261 1137 1301; x_wconf 90' lang='lat' dir='ltr'><strong>v.</strong></span> <span class='ocrx_word' id='word_1_79' title='bbox 1161 1261 1191 1323; x_wconf 92' lang='lat' dir='ltr'><strong>p.</strong></span> <span class='ocrx_word' id='word_1_80' title='bbox 1216 1238 1278 1323; x_wconf 89' lang='lat'><strong>31)</strong></span> <span class='ocrx_word' id='word_1_81' title='bbox 1297 1267 1346 1294; x_wconf 84' lang='lat'>=</span> 
     </span>
     <span class='ocr_line' id='line_1_10' title="bbox 205 1334 1344 1427; baseline 0.001 -24"><span class='ocrx_word' id='word_1_82' title='bbox 205 1334 389 1426; x_wconf 64' lang='lat' dir='ltr'><strong>desponsi,</strong></span> <span class='ocrx_word' id='word_1_83' title='bbox 428 1363 487 1426; x_wconf 89' lang='lat' dir='ltr'><strong>pro</strong></span> <span class='ocrx_word' id='word_1_84' title='bbox 524 1364 587 1425; x_wconf 92' lang='lat' dir='ltr'><strong>quo</strong></span> <span class='ocrx_word' id='word_1_85' title='bbox 617 1343 725 1427; x_wconf 91' lang='lat' dir='ltr'><strong>poetis</strong></span> <span class='ocrx_word' id='word_1_86' title='bbox 759 1337 953 1425; x_wconf 67' lang='lat' dir='ltr'><strong>‹rr-s-pomi,</strong></span> <span class='ocrx_word' id='word_1_87' title='bbox 990 1337 1091 1424; x_wconf 88' lang='lat' dir='ltr'><strong>vulgo</strong></span> <span class='ocrx_word' id='word_1_88' title='bbox 1120 1334 1344 1425; x_wconf 79' lang='grc' dir='ltr'><strong><em>ἀ-στ-ε-ροπή</em></strong></span> 
     </span>
     <span class='ocr_line' id='line_1_11' title="bbox 204 1439 1343 1528; baseline 0.001 -23"><span class='ocrx_word' id='word_1_89' title='bbox 204 1462 263 1526; x_wconf 89' lang='lat' dir='ltr'><strong>per</strong></span> <span class='ocrx_word' id='word_1_90' title='bbox 299 1443 484 1528; x_wconf 86' lang='lat' dir='ltr'><strong>anaptyxin</strong></span> <span class='ocrx_word' id='word_1_91' title='bbox 520 1444 555 1506; x_wconf 91' lang='lat' dir='ltr'><strong>in</strong></span> <span class='ocrx_word' id='word_1_92' title='bbox 589 1466 651 1510; x_wconf 89' lang='lat' dir='ltr'><strong>usu</strong></span> <span class='ocrx_word' id='word_1_93' title='bbox 688 1449 751 1508; x_wconf 89' lang='lat' dir='ltr'><strong>est:</strong></span> <span class='ocrx_word' id='word_1_94' title='bbox 788 1465 809 1507; x_wconf 87' lang='grc' dir='ltr'>α</span> <span class='ocrx_word' id='word_1_95' title='bbox 840 1446 951 1508; x_wconf 87' lang='lat' dir='ltr'><strong>autem</strong></span> <span class='ocrx_word' id='word_1_96' title='bbox 986 1439 1108 1505; x_wconf 83' lang='lat' dir='ltr'><strong>radicis</strong></span> <span class='ocrx_word' id='word_1_97' title='bbox 1139 1445 1229 1521; x_wconf 85' lang='lat' dir='ltr'><strong>star,</strong></span> <span class='ocrx_word' id='word_1_98' title='bbox 1266 1447 1343 1506; x_wconf 86' lang='lat' dir='ltr'><strong>stra</strong></span> 
     </span>
     <span class='ocr_line' id='line_1_12' title="bbox 205 1541 1339 1632; baseline 0.002 -25"><span class='ocrx_word' id='word_1_99' title='bbox 205 1543 249 1627; x_wconf 89' lang='lat' dir='ltr'><strong>(v.</strong></span> <span class='ocrx_word' id='word_1_100' title='bbox 273 1541 363 1608; x_wconf 82' lang='lat' dir='ltr'><strong>Ourt.</strong></span> <span class='ocrx_word' id='word_1_101' title='bbox 388 1545 497 1632; x_wconf 82' lang='lat'>195)¹)</span> <span class='ocrx_word' id='word_1_102' title='bbox 521 1551 615 1632; x_wconf 87' lang='lat' dir='ltr'><strong>patet</strong></span> <span class='ocrx_word' id='word_1_103' title='bbox 638 1544 726 1632; x_wconf 89' lang='lat' dir='ltr'><strong>apud</strong></span> <span class='ocrx_word' id='word_1_104' title='bbox 747 1544 893 1630; x_wconf 89' lang='lat' dir='ltr'><strong>Paphios</strong></span> <span class='ocrx_word' id='word_1_105' title='bbox 916 1541 1051 1630; x_wconf 84' lang='lat' dir='ltr'><strong>perinde</strong></span> <span class='ocrx_word' id='word_1_106' title='bbox 1073 1547 1172 1627; x_wconf 91' lang='lat' dir='ltr'><strong>atque</strong></span> <span class='ocrx_word' id='word_1_107' title='bbox 1195 1543 1230 1608; x_wconf 92' lang='lat' dir='ltr'><strong>in</strong></span> <span class='ocrx_word' id='word_1_108' title='bbox 1257 1551 1339 1609; x_wconf 84' lang='lat' dir='ltr'><strong>eret.</strong></span> 
     </span>
     <span class='ocr_line' id='line_1_13' title="bbox 206 1645 1339 1736; baseline 0.002 -26"><span class='ocrx_word' id='word_1_109' title='bbox 206 1645 336 1732; x_wconf 82' lang='grc' dir='ltr'><em>στροφά</em></span> <span class='ocrx_word' id='word_1_110' title='bbox 360 1645 466 1731; x_wconf 85' lang='lat' dir='ltr'><strong>(Hes.)</strong></span> <span class='ocrx_word' id='word_1_111' title='bbox 490 1652 523 1711; x_wconf 89' lang='lat' dir='ltr'><strong>et</strong></span> <span class='ocrx_word' id='word_1_112' title='bbox 545 1649 634 1736; x_wconf 86' lang='lat' dir='ltr'><strong>vulg.</strong></span> <span class='ocrx_word' id='word_1_113' title='bbox 660 1645 860 1735; x_wconf 76' lang='grc' dir='ltr'>(ἀ)στεροπή</span> <span class='ocrx_word' id='word_1_114' title='bbox 884 1647 919 1710; x_wconf 93' lang='lat' dir='ltr'><strong>in</strong></span> <span class='ocrx_word' id='word_1_115' title='bbox 940 1647 1068 1710; x_wconf 88' lang='lat' dir='ltr'><strong>fuscum</strong></span> <span class='ocrx_word' id='word_1_116' title='bbox 1092 1671 1108 1710; x_wconf 95' lang='grc'>0</span> <span class='ocrx_word' id='word_1_117' title='bbox 1132 1667 1205 1710; x_wconf 90' lang='lat' dir='ltr'><strong>esse</strong></span> <span class='ocrx_word' id='word_1_118' title='bbox 1228 1651 1339 1712; x_wconf 87' lang='lat' dir='ltr'><strong>muta·</strong></span> 
     </span>
     <span class='ocr_line' id='line_1_14' title="bbox 179 1747 1336 1839; baseline 0.001 -27"><span class='ocrx_word' id='word_1_119' title='bbox 179 1751 283 1834; x_wconf 80' lang='lat' dir='ltr'><strong>¹tum.</strong></span> <span class='ocrx_word' id='word_1_120' title='bbox 326 1747 384 1812; x_wconf 66' lang='lat' dir='ltr'><strong>‘Ex</strong></span> <span class='ocrx_word' id='word_1_121' title='bbox 410 1748 578 1815; x_wconf 88' lang='lat' dir='ltr'><strong>hodiernis</strong></span> <span class='ocrx_word' id='word_1_122' title='bbox 605 1750 758 1839; x_wconf 77' lang='lat' dir='ltr'><strong>dialectis</strong></span> <span class='ocrx_word' id='word_1_123' title='bbox 790 1751 829 1814; x_wconf 88' lang='lat' dir='ltr'><strong>of.</strong></span> <span class='ocrx_word' id='word_1_124' title='bbox 862 1752 939 1813; x_wconf 88' lang='lat' dir='ltr'><strong>eret.</strong></span> <span class='ocrx_word' id='word_1_125' title='bbox 972 1747 1129 1833; x_wconf 81' lang='grc' dir='ltr'><strong><em>στράφτω</em></strong></span> <span class='ocrx_word' id='word_1_126' title='bbox 1161 1748 1336 1835; x_wconf 79' lang='lat' dir='ltr'><strong>(Pashley.</strong></span> 
     </span>
     <span class='ocr_line' id='line_1_15' title="bbox 203 1846 1334 1940; baseline 0.003 -27"><span class='ocrx_word' id='word_1_127' title='bbox 203 1848 225 1912; x_wconf 95' lang='lat' dir='ltr'><strong>l.</strong></span> <span class='ocrx_word' id='word_1_128' title='bbox 250 1869 275 1914; x_wconf 92' lang='lat' dir='ltr'><strong>c.</strong></span> <span class='ocrx_word' id='word_1_129' title='bbox 298 1849 324 1930; x_wconf 90' lang='grc' dir='ltr'><strong>Ι,</strong></span> <span class='ocrx_word' id='word_1_130' title='bbox 348 1851 433 1936; x_wconf 89' lang='grc'>973),</span> <span class='ocrx_word' id='word_1_131' title='bbox 456 1853 536 1916; x_wconf 89' lang='lat' dir='ltr'><strong>item</strong></span> <span class='ocrx_word' id='word_1_132' title='bbox 559 1851 648 1940; x_wconf 79' lang='lat' dir='ltr'><strong>c&#39;ypr.</strong></span> <span class='ocrx_word' id='word_1_133' title='bbox 672 1852 834 1940; x_wconf 79' lang='grc' dir='ltr'><strong><em>στράφτει</em></strong></span> <span class='ocrx_word' id='word_1_134' title='bbox 857 1852 921 1937; x_wconf 86' lang='lat' dir='ltr'><strong>(ex.</strong></span> <span class='ocrx_word' id='word_1_135' title='bbox 940 1873 988 1938; x_wconf 87' lang='lat' dir='ltr'><strong>gr.</strong></span> <span class='ocrx_word' id='word_1_136' title='bbox 1008 1846 1085 1937; x_wconf 78' lang='grc' dir='ltr'>ᾀσμ.</span> <span class='ocrx_word' id='word_1_137' title='bbox 1106 1853 1134 1932; x_wconf 90' lang='grc'>9,</span> <span class='ocrx_word' id='word_1_138' title='bbox 1160 1853 1232 1917; x_wconf 84' lang='lat'><strong>140.</strong></span> <span class='ocrx_word' id='word_1_139' title='bbox 1260 1854 1334 1934; x_wconf 90' lang='grc'><strong>5,1.</strong></span> 
     </span>
    </p>

    <p class='ocr_par' dir='ltr' id='par_1_3' title="bbox 144 1953 1335 2349">
     <span class='ocr_line' id='line_1_16' title="bbox 144 1953 1326 2042; baseline 0.003 -27"><span class='ocrx_word' id='word_1_140' title='bbox 144 1965 145 1969; x_wconf 76' lang='grc'>’</span> <span class='ocrx_word' id='word_1_141' title='bbox 205 1953 325 2037; x_wconf 84' lang='grc'>15,1),</span> <span class='ocrx_word' id='word_1_142' title='bbox 357 1953 480 2020; x_wconf 88' lang='lat' dir='ltr'><strong>calabr.</strong></span> <span class='ocrx_word' id='word_1_143' title='bbox 513 1958 626 2020; x_wconf 87' lang='lat' dir='ltr'><strong>strafti</strong></span> <span class='ocrx_word' id='word_1_144' title='bbox 657 1960 691 2020; x_wconf 89' lang='lat' dir='ltr'><strong>et</strong></span> <span class='ocrx_word' id='word_1_145' title='bbox 722 1956 833 2020; x_wconf 87' lang='lat' dir='ltr'><strong>strefti</strong></span> <span class='ocrx_word' id='word_1_146' title='bbox 866 1953 1005 2040; x_wconf 87' lang='lat' dir='ltr'><strong>(Morosi</strong></span> <span class='ocrx_word' id='word_1_147' title='bbox 1030 1954 1118 2036; x_wconf 88' lang='grc'>175),</span> <span class='ocrx_word' id='word_1_148' title='bbox 1149 1953 1184 2016; x_wconf 92' lang='lat' dir='ltr'><strong>in</strong></span> <span class='ocrx_word' id='word_1_149' title='bbox 1216 1953 1326 2042; x_wconf 78' lang='lat' dir='ltr'><strong>lingua</strong></span> 
     </span>
     <span class='ocr_line' id='line_1_17' title="bbox 204 2051 1331 2144; baseline 0.003 -25"><span class='ocrx_word' id='word_1_150' title='bbox 204 2056 368 2120; x_wconf 87' lang='lat' dir='ltr'><strong>communi</strong></span> <span class='ocrx_word' id='word_1_151' title='bbox 400 2051 584 2141; x_wconf 65' lang='lat' dir='ltr'><strong>doteriores</strong></span> <span class='ocrx_word' id='word_1_152' title='bbox 616 2057 793 2144; x_wconf 82' lang='lat' dir='ltr'><strong>(Ducaug.)</strong></span> <span class='ocrx_word' id='word_1_153' title='bbox 821 2085 864 2113; x_wconf 88' lang='lat'>=</span> <span class='ocrx_word' id='word_1_154' title='bbox 890 2061 954 2121; x_wconf 89' lang='lat' dir='ltr'><strong>vet.</strong></span> <span class='ocrx_word' id='word_1_155' title='bbox 987 2052 1193 2140; x_wconf 76' lang='grc' dir='ltr'><strong>ἀ-στράπτει.</strong></span> <span class='ocrx_word' id='word_1_156' title='bbox 1247 2057 1331 2122; x_wconf 85' lang='lat' dir='ltr'><strong>Iteu</strong></span> 
     </span>
     <span class='ocr_line' id='line_1_18' title="bbox 205 2154 1335 2246; baseline 0.003 -24"><span class='ocrx_word' id='word_1_157' title='bbox 205 2180 294 2244; x_wconf 87' lang='lat' dir='ltr'><strong>cypr.</strong></span> <span class='ocrx_word' id='word_1_158' title='bbox 327 2154 483 2246; x_wconf 79' lang='grc' dir='ltr'><em>ἀστραπή</em></span> <span class='ocrx_word' id='word_1_159' title='bbox 523 2156 615 2246; x_wconf 64' lang='lat' dir='ltr'><strong>(pop.</strong></span> <span class='ocrx_word' id='word_1_160' title='bbox 650 2164 708 2240; x_wconf 84' lang='grc'>94,</span> <span class='ocrx_word' id='word_1_161' title='bbox 738 2161 788 2224; x_wconf 80' lang='grc'><strong>90.</strong></span> <span class='ocrx_word' id='word_1_162' title='bbox 822 2163 907 2225; x_wconf 82' lang='grc' dir='ltr'>δίστ.</span> <span class='ocrx_word' id='word_1_163' title='bbox 941 2159 1015 2242; x_wconf 89' lang='grc'>99),</span> <span class='ocrx_word' id='word_1_164' title='bbox 1046 2157 1196 2244; x_wconf 87' lang='lat' dir='ltr'><strong>Duoang.</strong></span> <span class='ocrx_word' id='word_1_165' title='bbox 1232 2161 1335 2225; x_wconf 85' lang='lat' dir='ltr'><strong>etiam</strong></span> 
     </span>
     <span class='ocr_line' id='line_1_19' title="bbox 207 2260 1171 2349; baseline 0.002 -23"><span class='ocrx_word' id='word_1_166' title='bbox 207 2260 351 2349; x_wconf 81' lang='grc' dir='ltr'>στραπή.</span> <span class='ocrx_word' id='word_1_167' title='bbox 1169 2342 1171 2346; x_wconf 23' lang='grc' dir='ltr'>Ι</span> 
     </span>
    </p>

    <p class='ocr_par' dir='ltr' id='par_1_4' title="bbox 202 2361 1415 3066">
     <span class='ocr_line' id='line_1_20' title="bbox 291 2361 1336 2453; baseline 0.002 -25"><span class='ocrx_word' id='word_1_168' title='bbox 291 2361 445 2430; x_wconf 81' lang='lat' dir='ltr'><strong>Ceterum</strong></span> <span class='ocrx_word' id='word_1_169' title='bbox 460 2363 602 2453; x_wconf 80' lang='lat' dir='ltr'><strong>Cyprios</strong></span> <span class='ocrx_word' id='word_1_170' title='bbox 620 2365 747 2431; x_wconf 88' lang='lat' dir='ltr'><strong>vocalis</strong></span> <span class='ocrx_word' id='word_1_171' title='bbox 765 2365 859 2430; x_wconf 88' lang='lat' dir='ltr'><strong>illam</strong></span> <span class='ocrx_word' id='word_1_172' title='bbox 875 2365 1059 2450; x_wconf 85' lang='lat' dir='ltr'><strong>anaptyxin</strong></span> <span class='ocrx_word' id='word_1_173' title='bbox 1078 2365 1112 2428; x_wconf 91' lang='lat' dir='ltr'><strong>in</strong></span> <span class='ocrx_word' id='word_1_174' title='bbox 1130 2363 1249 2450; x_wconf 85' lang='lat' dir='ltr'><strong>lingua</strong></span> <span class='ocrx_word' id='word_1_175' title='bbox 1266 2365 1336 2430; x_wconf 87' lang='lat' dir='ltr'><strong>vul·</strong></span> 
     </span>
     <span class='ocr_line' id='line_1_21' title="bbox 205 2464 1335 2554; baseline 0.002 -26"><span class='ocrx_word' id='word_1_176' title='bbox 205 2465 280 2552; x_wconf 87' lang='lat' dir='ltr'><strong>gari</strong></span> <span class='ocrx_word' id='word_1_177' title='bbox 294 2467 413 2532; x_wconf 90' lang='lat' dir='ltr'><strong>vicinis</strong></span> <span class='ocrx_word' id='word_1_178' title='bbox 428 2470 687 2534; x_wconf 81' lang='lat' dir='ltr'><strong>consonantibus</strong></span> <span class='ocrx_word' id='word_1_179' title='bbox 706 2493 725 2554; x_wconf 82' lang='grc' dir='ltr'><em>ρ</em></span> <span class='ocrx_word' id='word_1_180' title='bbox 744 2469 763 2532; x_wconf 83' lang='grc' dir='ltr'><em>λ</em></span> <span class='ocrx_word' id='word_1_181' title='bbox 780 2492 799 2532; x_wconf 82' lang='grc' dir='ltr'><strong><em>ν</em></strong></span> <span class='ocrx_word' id='word_1_182' title='bbox 816 2491 841 2548; x_wconf 88' lang='grc' dir='ltr'>μ</span> <span class='ocrx_word' id='word_1_183' title='bbox 858 2468 941 2531; x_wconf 91' lang='lat' dir='ltr'><strong>satis</strong></span> <span class='ocrx_word' id='word_1_184' title='bbox 959 2468 1163 2552; x_wconf 85' lang='lat' dir='ltr'><strong>frequentem</strong></span> <span class='ocrx_word' id='word_1_185' title='bbox 1179 2466 1224 2552; x_wconf 91' lang='lat' dir='ltr'><strong>(v.</strong></span> <span class='ocrx_word' id='word_1_186' title='bbox 1242 2464 1335 2532; x_wconf 80' lang='lat' dir='ltr'><strong>Gurt.</strong></span> 
     </span>
     <span class='ocr_line' id='line_1_22' title="bbox 205 2567 1415 2655; baseline 0.004 -25"><span class='ocrx_word' id='word_1_187' title='bbox 205 2569 267 2630; x_wconf 89' lang='grc'>679</span> <span class='ocrx_word' id='word_1_188' title='bbox 290 2569 374 2654; x_wconf 79' lang='lat' dir='ltr'><strong>sqq.)</strong></span> <span class='ocrx_word' id='word_1_189' title='bbox 405 2570 493 2634; x_wconf 89' lang='lat' dir='ltr'><strong>haud</strong></span> <span class='ocrx_word' id='word_1_190' title='bbox 515 2569 691 2636; x_wconf 85' lang='lat' dir='ltr'><strong>admodum</strong></span> <span class='ocrx_word' id='word_1_191' title='bbox 719 2569 892 2634; x_wconf 87' lang='lat' dir='ltr'><strong>adamasse</strong></span> <span class='ocrx_word' id='word_1_192' title='bbox 915 2567 1034 2634; x_wconf 88' lang='lat' dir='ltr'><strong>docent</strong></span> <span class='ocrx_word' id='word_1_193' title='bbox 1056 2568 1100 2655; x_wconf 88' lang='lat' dir='ltr'><strong>gl.</strong></span> <span class='ocrx_word' id='word_1_194' title='bbox 1123 2567 1336 2655; x_wconf 73' lang='grc' dir='ltr'><strong><em>τρόσσεσθαι</em></strong></span> <span class='ocrx_word' id='word_1_195' title='bbox 1413 2585 1415 2652; x_wconf 71' lang='grc' dir='ltr'><strong>ξ</strong></span> 
     </span>
     <span class='ocr_line' id='line_1_23' title="bbox 206 2668 1334 2758; baseline 0.003 -26"><span class='ocrx_word' id='word_1_196' title='bbox 206 2668 279 2734; x_wconf 85' lang='grc'>0011.</span> <span class='ocrx_word' id='word_1_197' title='bbox 307 2671 396 2758; x_wconf 85' lang='lat' dir='ltr'><strong>vulg.</strong></span> <span class='ocrx_word' id='word_1_198' title='bbox 427 2672 697 2758; x_wconf 62' lang='lat' dir='ltr'><strong>capescentes,</strong></span> <span class='ocrx_word' id='word_1_199' title='bbox 727 2672 880 2758; x_wconf 72' lang='grc' dir='ltr'>θράσσω,</span> <span class='ocrx_word' id='word_1_200' title='bbox 911 2695 941 2736; x_wconf 91' lang='lat' dir='ltr'><strong>v.</strong></span> <span class='ocrx_word' id='word_1_201' title='bbox 965 2694 1074 2757; x_wconf 86' lang='lat' dir='ltr'><strong>supra.</strong></span> <span class='ocrx_word' id='word_1_202' title='bbox 1097 2677 1235 2757; x_wconf 78' lang='grc' dir='ltr'><strong><em>τέρχνεα</em></strong></span> <span class='ocrx_word' id='word_1_203' title='bbox 1259 2673 1334 2738; x_wconf 87' lang='grc'>0011.</span> 
     </span>
     <span class='ocr_line' id='line_1_24' title="bbox 202 2769 1333 2862; baseline 0.004 -27"><span class='ocrx_word' id='word_1_204' title='bbox 202 2771 281 2837; x_wconf 87' lang='lat' dir='ltr'><strong>Hes.</strong></span> <span class='ocrx_word' id='word_1_205' title='bbox 308 2775 510 2860; x_wconf 83' lang='grc' dir='ltr'><em>ταρχ-ά-νιον</em></span> <span class='ocrx_word' id='word_1_206' title='bbox 534 2775 567 2861; x_wconf 67' lang='grc' dir='ltr'><strong>(ξ</strong></span> <span class='ocrx_word' id='word_1_207' title='bbox 591 2776 655 2862; x_wconf 85' lang='grc'>19).</span> <span class='ocrx_word' id='word_1_208' title='bbox 702 2770 831 2860; x_wconf 66' lang='lat' dir='ltr'><strong>deputo</strong></span> <span class='ocrx_word' id='word_1_209' title='bbox 862 2773 935 2840; x_wconf 89' lang='lat' dir='ltr'><strong>coll.</strong></span> <span class='ocrx_word' id='word_1_210' title='bbox 958 2773 1036 2838; x_wconf 93' lang='lat' dir='ltr'><strong>Hes.</strong></span> <span class='ocrx_word' id='word_1_211' title='bbox 1060 2769 1259 2860; x_wconf 79' lang='grc' dir='ltr'>ἆρ-α-βύλαι.</span> <span class='ocrx_word' id='word_1_212' title='bbox 1292 2776 1333 2858; x_wconf 80' lang='grc' dir='ltr'><strong>ἴγ-</strong></span> 
     </span>
     <span class='ocr_line' id='line_1_25' title="bbox 203 2875 1333 2965; baseline 0.004 -27"><span class='ocrx_word' id='word_1_213' title='bbox 203 2899 280 2960; x_wconf 87' lang='grc' dir='ltr'><strong><em>κρος</em></strong></span> <span class='ocrx_word' id='word_1_214' title='bbox 308 2899 366 2962; x_wconf 93' lang='lat' dir='ltr'><strong>pro</strong></span> <span class='ocrx_word' id='word_1_215' title='bbox 397 2875 540 2962; x_wconf 80' lang='grc' dir='ltr'><strong>ἔγκαρος.</strong></span> <span class='ocrx_word' id='word_1_216' title='bbox 569 2877 690 2965; x_wconf 79' lang='grc' dir='ltr'><em>καβλής</em></span> <span class='ocrx_word' id='word_1_217' title='bbox 713 2879 733 2940; x_wconf 93' lang='lat' dir='ltr'><strong>i.</strong></span> <span class='ocrx_word' id='word_1_218' title='bbox 758 2901 783 2942; x_wconf 89' lang='lat' dir='ltr'><strong>e.</strong></span> <span class='ocrx_word' id='word_1_219' title='bbox 806 2876 1001 2963; x_wconf 78' lang='grc' dir='ltr'>καταβαλής.</span> <span class='ocrx_word' id='word_1_220' title='bbox 1024 2880 1183 2962; x_wconf 73' lang='grc' dir='ltr'><strong><em>τρέμιθος</em></strong></span> <span class='ocrx_word' id='word_1_221' title='bbox 1205 2905 1250 2930; x_wconf 94' lang='lat'><strong><em>=</em></strong></span> <span class='ocrx_word' id='word_1_222' title='bbox 1271 2901 1333 2942; x_wconf 81' lang='grc' dir='ltr'><strong><em>τ-ε-</em></strong></span> 
     </span>
     <span class='ocr_line' id='line_1_26' title="bbox 204 2978 1414 3066; baseline 0.002 -25"><span class='ocrx_word' id='word_1_223' title='bbox 204 2983 369 3062; x_wconf 57' lang='lat' dir='ltr'><strong>pedester,</strong></span> <span class='ocrx_word' id='word_1_224' title='bbox 394 2978 576 3066; x_wconf 91' lang='lat' dir='ltr'><strong>dequibus</strong></span> <span class='ocrx_word' id='word_1_225' title='bbox 600 2982 687 3045; x_wconf 88' lang='lat' dir='ltr'><strong>infra</strong></span> <span class='ocrx_word' id='word_1_226' title='bbox 710 3003 815 3045; x_wconf 83' lang='lat' dir='ltr'><strong>sermo</strong></span> <span class='ocrx_word' id='word_1_227' title='bbox 840 2981 912 3045; x_wconf 90' lang='lat' dir='ltr'><strong>erit.</strong></span> <span class='ocrx_word' id='word_1_228' title='bbox 948 2979 1064 3064; x_wconf 85' lang='lat' dir='ltr'><strong>Neque</strong></span> <span class='ocrx_word' id='word_1_229' title='bbox 1081 2978 1189 3064; x_wconf 84' lang='lat' dir='ltr'><strong>magis</strong></span> <span class='ocrx_word' id='word_1_230' title='bbox 1208 2980 1333 3044; x_wconf 90' lang='lat' dir='ltr'><strong>novicii</strong></span> <span class='ocrx_word' id='word_1_231' title='bbox 1413 2983 1414 3000; x_wconf 65' lang='lat'>¹</span> 
     </span>
    </p>
   </div>
   <div class='ocr_carea' id='block_1_3' title="bbox 204 3076 1334 3266">
    <p class='ocr_par' dir='ltr' id='par_1_5' title="bbox 204 3076 1334 3266">
     <span class='ocr_line' id='line_1_27' title="bbox 204 3076 1332 3170; baseline 0.003 -27"><span class='ocrx_word' id='word_1_232' title='bbox 204 3076 320 3165; x_wconf 77' lang='lat' dir='ltr'><strong>Cyprii</strong></span> <span class='ocrx_word' id='word_1_233' title='bbox 341 3081 418 3146; x_wconf 89' lang='lat' dir='ltr'><strong>huic</strong></span> <span class='ocrx_word' id='word_1_234' title='bbox 441 3082 610 3148; x_wconf 85' lang='lat' dir='ltr'><strong>affectioni</strong></span> <span class='ocrx_word' id='word_1_235' title='bbox 631 3085 760 3148; x_wconf 81' lang='lat' dir='ltr'><strong>favent:</strong></span> <span class='ocrx_word' id='word_1_236' title='bbox 784 3106 833 3148; x_wconf 84' lang='lat' dir='ltr'><strong>ex.</strong></span> <span class='ocrx_word' id='word_1_237' title='bbox 857 3105 904 3170; x_wconf 84' lang='lat' dir='ltr'><strong>gr.</strong></span> <span class='ocrx_word' id='word_1_238' title='bbox 928 3080 1034 3167; x_wconf 80' lang='grc' dir='ltr'><em>βάκλα</em></span> <span class='ocrx_word' id='word_1_239' title='bbox 1050 3080 1169 3145; x_wconf 67' lang='lat' dir='ltr'><strong>:lat</strong></span> <span class='ocrx_word' id='word_1_240' title='bbox 1191 3081 1332 3146; x_wconf 87' lang='lat' dir='ltr'><strong>baculus</strong></span> 
     </span>
     <span class='ocr_line' id='line_1_28' title="bbox 205 3180 1334 3266; baseline 0.003 -21"><span class='ocrx_word' id='word_1_241' title='bbox 205 3182 258 3266; x_wconf 83' lang='lat' dir='ltr'><strong>(ci.</strong></span> <span class='ocrx_word' id='word_1_242' title='bbox 289 3180 440 3249; x_wconf 89' lang='lat' dir='ltr'><strong>Analect.</strong></span> <span class='ocrx_word' id='word_1_243' title='bbox 480 3184 708 3251; x_wconf 84' lang='lat' dir='ltr'><strong>Grammatica</strong></span> <span class='ocrx_word' id='word_1_244' title='bbox 746 3184 817 3250; x_wconf 92' lang='lat' dir='ltr'><strong>edd.</strong></span> <span class='ocrx_word' id='word_1_245' title='bbox 852 3183 1048 3248; x_wconf 81' lang='lat' dir='ltr'><strong>Eichenfeld</strong></span> <span class='ocrx_word' id='word_1_246' title='bbox 1088 3187 1122 3248; x_wconf 90' lang='lat' dir='ltr'><strong>et</strong></span> <span class='ocrx_word' id='word_1_247' title='bbox 1153 3180 1334 3248; x_wconf 83' lang='lat' dir='ltr'><strong>Endlicher</strong></span> 
     </span>
    </p>
   </div>
   <div class='ocr_carea' id='block_1_4' title="bbox 208 3339 409 3350">
    <p class='ocr_par' dir='ltr' id='par_1_6' title="bbox 208 3339 409 3350">
     <span class='ocr_line' id='line_1_29' title="bbox 208 3339 409 3350; baseline 0.01 -2"><span class='ocrx_word' id='word_1_248' title='bbox 208 3339 409 3350; x_wconf 55' lang='lat' dir='ltr'><em>m</em></span> 
     </span>
    </p>
   </div>
   <div class='ocr_carea' id='block_1_5' title="bbox 202 3433 1413 4178">
    <p class='ocr_par' dir='ltr' id='par_1_7' title="bbox 202 3433 1391 3675">
     <span class='ocr_line' id='line_1_30' title="bbox 289 3433 1333 3515; baseline 0 -24"><span class='ocrx_word' id='word_1_249' title='bbox 289 3441 310 3507; x_wconf 89' lang='grc'><strong>1)</strong></span> <span class='ocrx_word' id='word_1_250' title='bbox 330 3441 371 3492; x_wconf 86' lang='lat' dir='ltr'><strong>Of.</strong></span> <span class='ocrx_word' id='word_1_251' title='bbox 390 3441 452 3494; x_wconf 85' lang='lat' dir='ltr'><strong>Hes.</strong></span> <span class='ocrx_word' id='word_1_252' title='bbox 471 3433 598 3515; x_wconf 79' lang='grc' dir='ltr'><em>στάρτοι·</em></span> <span class='ocrx_word' id='word_1_253' title='bbox 617 3443 648 3494; x_wconf 82' lang='grc' dir='ltr'><strong>αἱ</strong></span> <span class='ocrx_word' id='word_1_254' title='bbox 663 3436 750 3501; x_wconf 84' lang='grc' dir='ltr'><strong><em>τάξεις</em></strong></span> <span class='ocrx_word' id='word_1_255' title='bbox 767 3444 818 3494; x_wconf 72' lang='lat' dir='ltr'><strong>cosi</strong></span> <span class='ocrx_word' id='word_1_256' title='bbox 835 3435 959 3511; x_wconf 72' lang='grc' dir='ltr'><em>πλήθους</em></span> <span class='ocrx_word' id='word_1_257' title='bbox 976 3443 992 3491; x_wconf 92' lang='lat' dir='ltr'><strong>i.</strong></span> <span class='ocrx_word' id='word_1_258' title='bbox 1012 3455 1036 3490; x_wconf 85' lang='lat' dir='ltr'><strong>e.</strong></span> <span class='ocrx_word' id='word_1_259' title='bbox 1055 3440 1172 3513; x_wconf 80' lang='grc' dir='ltr'><strong>στρατοὶ,</strong></span> <span class='ocrx_word' id='word_1_260' title='bbox 1191 3445 1265 3504; x_wconf 88' lang='lat' dir='ltr'><strong>quod</strong></span> <span class='ocrx_word' id='word_1_261' title='bbox 1282 3445 1333 3491; x_wconf 85' lang='lat' dir='ltr'><strong>for·</strong></span> 
     </span>
     <span class='ocr_line' id='line_1_31' title="bbox 202 3520 1330 3601; baseline -0.002 -23"><span class='ocrx_word' id='word_1_262' title='bbox 202 3537 271 3578; x_wconf 80' lang='lat' dir='ltr'><strong>tasse</strong></span> <span class='ocrx_word' id='word_1_263' title='bbox 298 3528 390 3577; x_wconf 88' lang='lat' dir='ltr'><strong>iisdem</strong></span> <span class='ocrx_word' id='word_1_264' title='bbox 416 3527 541 3578; x_wconf 82' lang='lat' dir='ltr'><strong>Aeolibus</strong></span> <span class='ocrx_word' id='word_1_265' title='bbox 567 3537 671 3594; x_wconf 82' lang='lat' dir='ltr'><strong>praeter</strong></span> <span class='ocrx_word' id='word_1_266' title='bbox 694 3520 800 3601; x_wconf 79' lang='grc' dir='ltr'><strong><em>στρότοι</em></strong></span> <span class='ocrx_word' id='word_1_267' title='bbox 829 3530 993 3579; x_wconf 88' lang='lat' dir='ltr'><strong>tribuendum</strong></span> <span class='ocrx_word' id='word_1_268' title='bbox 1017 3534 1067 3588; x_wconf 87' lang='lat' dir='ltr'><strong>est,</strong></span> <span class='ocrx_word' id='word_1_269' title='bbox 1097 3529 1130 3575; x_wconf 88' lang='lat' dir='ltr'><strong>ef.</strong></span> <span class='ocrx_word' id='word_1_270' title='bbox 1161 3527 1227 3577; x_wconf 87' lang='lat' dir='ltr'><strong>Lob.</strong></span> <span class='ocrx_word' id='word_1_271' title='bbox 1259 3529 1330 3576; x_wconf 81' lang='lat' dir='ltr'><strong>Psch.</strong></span> 
     </span>
     <span class='ocr_line' id='line_1_32' title="bbox 203 3612 1391 3675; baseline -0.003 -11"><span class='ocrx_word' id='word_1_272' title='bbox 203 3612 362 3675; x_wconf 78' lang='lat' dir='ltr'><strong>n1.1,497.</strong></span> <span class='ocrx_word' id='word_1_273' title='bbox 381 3639 413 3650; x_wconf 89' lang='lat'><em>-</em></span> <span class='ocrx_word' id='word_1_274' title='bbox 1386 3613 1391 3625; x_wconf 89' lang='grc'><em>“</em></span> 
     </span>
    </p>

    <p class='ocr_par' dir='ltr' id='par_1_8' title="bbox 204 3697 1413 4178">
     <span class='ocr_line' id='line_1_33' title="bbox 289 3697 1327 3770; baseline 0 -22"><span class='ocrx_word' id='word_1_275' title='bbox 289 3697 312 3762; x_wconf 71' lang='lat'><strong>2)</strong></span> <span class='ocrx_word' id='word_1_276' title='bbox 337 3699 496 3749; x_wconf 80' lang='lat' dir='ltr'><strong>Schellsrios</strong></span> <span class='ocrx_word' id='word_1_277' title='bbox 522 3717 546 3764; x_wconf 92' lang='lat' dir='ltr'><strong>p.</strong></span> <span class='ocrx_word' id='word_1_278' title='bbox 566 3700 615 3750; x_wconf 89' lang='grc'><strong>919</strong></span> <span class='ocrx_word' id='word_1_279' title='bbox 638 3701 751 3751; x_wconf 84' lang='lat' dir='ltr'><strong>radicem</strong></span> <span class='ocrx_word' id='word_1_280' title='bbox 782 3700 861 3750; x_wconf 89' lang='lat' dir='ltr'><strong>sumit</strong></span> <span class='ocrx_word' id='word_1_281' title='bbox 882 3699 953 3770; x_wconf 65' lang='grc' dir='ltr'>Γτερ,</span> <span class='ocrx_word' id='word_1_282' title='bbox 977 3700 1046 3747; x_wconf 87' lang='lat' dir='ltr'><strong>nude</strong></span> <span class='ocrx_word' id='word_1_283' title='bbox 1072 3712 1135 3768; x_wconf 81' lang='grc' dir='ltr'><strong>περ</strong></span> <span class='ocrx_word' id='word_1_284' title='bbox 1159 3705 1327 3762; x_wconf 79' lang='lat' dir='ltr'><strong>propagatum</strong></span> 
     </span>
     <span class='ocr_line' id='line_1_34' title="bbox 204 3783 1321 3851; baseline -0.002 -18"><span class='ocrx_word' id='word_1_285' title='bbox 204 3785 251 3834; x_wconf 87' lang='lat' dir='ltr'><strong>sit:</strong></span> <span class='ocrx_word' id='word_1_286' title='bbox 269 3800 337 3848; x_wconf 85' lang='lat' dir='ltr'><strong>quse</strong></span> <span class='ocrx_word' id='word_1_287' title='bbox 348 3785 473 3848; x_wconf 85' lang='lat' dir='ltr'><strong>digammi</strong></span> <span class='ocrx_word' id='word_1_288' title='bbox 485 3785 512 3833; x_wconf 92' lang='lat' dir='ltr'><strong>in</strong></span> <span class='ocrx_word' id='word_1_289' title='bbox 525 3801 542 3835; x_wconf 88' lang='grc' dir='ltr'><strong><em>σ</em></strong></span> <span class='ocrx_word' id='word_1_290' title='bbox 559 3788 700 3848; x_wconf 86' lang='lat' dir='ltr'><strong>conversio,</strong></span> <span class='ocrx_word' id='word_1_291' title='bbox 719 3787 761 3837; x_wconf 85' lang='lat' dir='ltr'><strong>eui</strong></span> <span class='ocrx_word' id='word_1_292' title='bbox 778 3785 896 3851; x_wconf 88' lang='lat' dir='ltr'><strong>inprimis</strong></span> <span class='ocrx_word' id='word_1_293' title='bbox 908 3784 1071 3848; x_wconf 78' lang='lat' dir='ltr'><strong>Ssvelsberg.</strong></span> <span class='ocrx_word' id='word_1_294' title='bbox 1091 3783 1209 3844; x_wconf 81' lang='lat' dir='ltr'><strong>Quaestt.</strong></span> <span class='ocrx_word' id='word_1_295' title='bbox 1227 3785 1321 3834; x_wconf 76' lang='lat' dir='ltr'><strong>lexiori.</strong></span> 
     </span>
     <span class='ocr_line' id='line_1_35' title="bbox 204 3868 1322 3938; baseline -0.003 -19"><span class='ocrx_word' id='word_1_296' title='bbox 204 3870 347 3922; x_wconf 84' lang='lat' dir='ltr'><strong>deradice.</strong></span> <span class='ocrx_word' id='word_1_297' title='bbox 367 3869 482 3932; x_wconf 80' lang='lat' dir='ltr'><strong>Graecis,</strong></span> <span class='ocrx_word' id='word_1_298' title='bbox 500 3873 586 3922; x_wconf 88' lang='lat' dir='ltr'><strong>Berol.</strong></span> <span class='ocrx_word' id='word_1_299' title='bbox 607 3874 669 3928; x_wconf 83' lang='lat'>1841</span> <span class='ocrx_word' id='word_1_300' title='bbox 690 3891 714 3938; x_wconf 93' lang='lat' dir='ltr'><strong>p.</strong></span> <span class='ocrx_word' id='word_1_301' title='bbox 736 3875 765 3921; x_wconf 93' lang='lat'><strong>11</strong></span> <span class='ocrx_word' id='word_1_302' title='bbox 785 3887 842 3936; x_wconf 90' lang='lat' dir='ltr'><strong>sqq.</strong></span> <span class='ocrx_word' id='word_1_303' title='bbox 863 3878 888 3920; x_wconf 87' lang='lat' dir='ltr'><strong>et</strong></span> <span class='ocrx_word' id='word_1_304' title='bbox 906 3873 949 3933; x_wconf 89' lang='lat' dir='ltr'><strong>,‚d.</strong></span> <span class='ocrx_word' id='word_1_305' title='bbox 968 3870 1099 3932; x_wconf 83' lang='lat' dir='ltr'><strong>digammo</strong></span> <span class='ocrx_word' id='word_1_306' title='bbox 1117 3868 1225 3931; x_wconf 86' lang='lat' dir='ltr'><strong>eiusque</strong></span> <span class='ocrx_word' id='word_1_307' title='bbox 1242 3869 1322 3920; x_wconf 85' lang='lat' dir='ltr'><strong>imnu-</strong></span> 
     </span>
     <span class='ocr_line' id='line_1_36' title="bbox 204 3945 1413 4021; baseline -0.003 -15"><span class='ocrx_word' id='word_1_308' title='bbox 204 3955 370 4017; x_wconf 78' lang='lat' dir='ltr'><strong>tationibus“‚</strong></span> <span class='ocrx_word' id='word_1_309' title='bbox 395 3957 518 4021; x_wconf 79' lang='lat' dir='ltr'><strong>Aquisgr.</strong></span> <span class='ocrx_word' id='word_1_310' title='bbox 544 3959 607 4008; x_wconf 87' lang='grc'>1867</span> <span class='ocrx_word' id='word_1_311' title='bbox 631 3971 657 4017; x_wconf 89' lang='lat' dir='ltr'><strong>p.</strong></span> <span class='ocrx_word' id='word_1_312' title='bbox 676 3953 776 4004; x_wconf 76' lang='grc'>39-46</span> <span class='ocrx_word' id='word_1_313' title='bbox 799 3970 847 4006; x_wconf 86' lang='lat' dir='ltr'><strong>neo</strong></span> <span class='ocrx_word' id='word_1_314' title='bbox 870 3972 923 4005; x_wconf 94' lang='lat' dir='ltr'><strong>non</strong></span> <span class='ocrx_word' id='word_1_315' title='bbox 941 3952 1100 4006; x_wconf 82' lang='lat' dir='ltr'><strong>Sakellarios</strong></span> <span class='ocrx_word' id='word_1_316' title='bbox 1124 3951 1233 4003; x_wconf 89' lang='lat' dir='ltr'><strong>nimium</strong></span> <span class='ocrx_word' id='word_1_317' title='bbox 1257 3969 1328 4018; x_wconf 87' lang='lat' dir='ltr'><strong>supra</strong></span> <span class='ocrx_word' id='word_1_318' title='bbox 1412 3945 1413 3954; x_wconf 44' lang='lat'>¹</span> 
     </span>
     <span class='ocr_line' id='line_1_37' title="bbox 205 4031 1330 4106; baseline -0.001 -17"><span class='ocrx_word' id='word_1_319' title='bbox 205 4043 310 4090; x_wconf 88' lang='lat' dir='ltr'><strong>modum</strong></span> <span class='ocrx_word' id='word_1_320' title='bbox 328 4041 497 4104; x_wconf 82' lang='lat' dir='ltr'><strong>velificantur,</strong></span> <span class='ocrx_word' id='word_1_321' title='bbox 515 4043 589 4092; x_wconf 89' lang='lat' dir='ltr'><strong>nullo</strong></span> <span class='ocrx_word' id='word_1_322' title='bbox 607 4042 685 4091; x_wconf 89' lang='lat' dir='ltr'><strong>modo</strong></span> <span class='ocrx_word' id='word_1_323' title='bbox 703 4043 846 4106; x_wconf 72' lang='lat' dir='ltr'><strong>probanda,</strong></span> <span class='ocrx_word' id='word_1_324' title='bbox 865 4043 916 4091; x_wconf 89' lang='lat' dir='ltr'><strong>hoc</strong></span> <span class='ocrx_word' id='word_1_325' title='bbox 933 4055 994 4090; x_wconf 86' lang='lat' dir='ltr'><strong>vero</strong></span> <span class='ocrx_word' id='word_1_326' title='bbox 1012 4041 1071 4090; x_wconf 87' lang='lat' dir='ltr'><strong>loco</strong></span> <span class='ocrx_word' id='word_1_327' title='bbox 1089 4037 1201 4089; x_wconf 79' lang='lat' dir='ltr'><strong>absurde</strong></span> <span class='ocrx_word' id='word_1_328' title='bbox 1220 4047 1246 4089; x_wconf 87' lang='lat' dir='ltr'><strong>et</strong></span> <span class='ocrx_word' id='word_1_329' title='bbox 1263 4031 1330 4103; x_wconf 84' lang='lat' dir='ltr'><strong>inep-</strong></span> 
     </span>
     <span class='ocr_line' id='line_1_38' title="bbox 205 4125 421 4178; baseline 0 0"><span class='ocrx_word' id='word_1_330' title='bbox 205 4125 305 4178; x_wconf 69' lang='lat' dir='ltr'><strong>tissima</strong></span> <span class='ocrx_word' id='word_1_331' title='bbox 323 4135 368 4178; x_wconf 82' lang='lat' dir='ltr'><strong>est.</strong></span> <span class='ocrx_word' id='word_1_332' title='bbox 388 4155 421 4166; x_wconf 81' lang='lat'><strong>—-</strong></span> 
     </span>
    </p>
   </div>
   <div class='ocr_carea' id='block_1_6' title="bbox 0 0 1436 4668">
    <p class='ocr_par' dir='ltr' id='par_1_9' title="bbox 0 0 1436 4668">
     <span class='ocr_line' id='line_1_39' title="bbox 0 0 1436 4668; baseline 0 0"><span class='ocrx_word' id='word_1_333' title='bbox 0 0 1436 4668; x_wconf 95' lang='lat' dir='ltr'><strong> </strong></span> 
     </span>
    </p>
   </div>
  </div>
 </body>
</html>
