2862 4668
560 361 770 423 ..19-

97 553 199 616 quam
236 534 426 614 corruptam
464 551 535 595 esse
571 536 715 616 aptaque
747 531 912 595 sententia
945 554 1079 616 prorsus
1114 539 1228 598 carere

95 656 195 698 nemo
225 656 293 697 non
323 630 424 697 videt.
477 631 553 696 Jam
581 631 737 696 Musurus
765 634 905 698 coniecit
934 631 1045 720 ἀγαθᾷ
1072 656 1133 699 nec
1158 659 1224 700 non

95 735 219 820 Engel.
248 739 282 797 et
303 732 427 798 Sakell.
451 735 639 799 coniectura
669 734 731 798 illa
752 739 875 798 temere
898 756 936 799 ac
958 737 1061 802 tacite
1082 739 1224 822 probata

98 839 240 903 verbum
272 833 428 920 Cyprium
464 831 600 917 synoda
633 860 653 901 a
688 837 779 923 vulg,
812 834 937 917 ἀγαθός
974 836 1136 904 deflexum
1172 845 1224 922 (cf.

99 961 254 1024 neocypr.
283 933 424 1019 dyadis·
453 934 588 1037 σι’·ήξιης)
617 960 690 1004 cum
717 941 852 1006 notione
880 939 1012 1004 tacendi
1038 941 1225 1026 ponendum

100 1063 173 1104 esso
195 1041 415 1125 suspicantur,
439 1061 537 1124 quam
555 1043 753 1136 sententiam
770 1046 808 1105 ut
832 1039 871 1105 de
894 1041 1008 1106 ordine
1030 1043 1223 1128 perturbato

98 1147 277 1222 taceamus,
309 1140 351 1204 ad
380 1143 451 1206 veri
474 1141 725 1208 similitudinem
748 1141 901 1208 accedere
923 1143 1122 1229 persuadere
1143 1145 1225 1208 mihi

96 1265 266 1328 nunquam
300 1245 404 1329 potui.
431 1243 584 1326 ¹Deinde
615 1245 774 1310 Schmidt.
812 1241 880 1310 alia
918 1246 973 1310 via
1009 1247 1095 1310 inita
1129 1247 1224 1312 verbi

96 1353 193 1428 σιγᾶν
219 1347 360 1410 formam
388 1345 534 1431 aliquam
562 1352 660 1432 putat
687 1348 792 1412 latere
821 1351 854 1411 et
882 1347 943 1411 hoc
965 1351 1054 1412 recte
1076 1347 1222 1432 quidem:
1319 1401 1327 1421 ,

95 1469 173 1512 cum
195 1449 283 1511 enim
305 1455 324 1512 1
343 1453 377 1511 et
399 1455 424 1512 A
446 1449 481 1512 in
505 1448 673 1514 codicibus
696 1451 831 1535 saepius
855 1447 1105 1531 confundantur,
1128 1455 1225 1535 patet

94 1549 245 1636 glossam
274 1550 316 1614 ab
345 1551 415 1614 iota
444 1571 595 1616 exorsam
621 1573 680 1636 per
709 1557 854 1616 erratum
884 1551 946 1615 hoc
968 1550 1041 1615 loco
1063 1552 1222 1616 insertam

94 1673 179 1716 esse.
223 1649 273 1714 At
302 1652 376 1736 ipsa
404 1673 483 1716 vero
512 1655 708 1733 coniectura,
740 1675 838 1737 quam
865 1654 917 1717 vir
949 1651 1159 1718 doctissimus
1187 1655 1223 1717 in

94 1753 175 1816 Hes.
199 1751 249 1816 ed.
272 1751 291 1814 Ι
312 1776 343 1837 p.
368 1754 428 1819 533
453 1759 486 1818 et
507 1754 627 1820 Philol.
648 1755 728 1836 XII,
751 1757 813 1820 588
836 1756 1010 1840 proposuit

181 1856 235 1936 ἴγα
266 1854 369 1937 (eder
402 1855 513 1920 σιώπα
544 1857 625 1920 mihi
657 1857 789 1942 quidem
819 1880 885 1922 non
917 1854 1050 1920 arridet.
1103 1857 1220 1921 Potius

96 1961 435 2022 ΑΓΑΘΟίίΙΩΠΑΙ
454 1958 609 2024 mendose
631 1961 792 2044 scriptum
814 1958 946 2023 videtur
969 1981 1029 2043 pro

99 2062 382 2124 ΙΓΑΘΗΕΗΩΠ
397 2110 513 2124 .....

183 2159 247 2223 hoo
270 2163 320 2223 est
341 2160 454 2247 ἱγάθη·
484 2161 686 2249 ἐσιαπ(ήθη)
716 2184 805 2248 cypr.
828 2193 871 2219 =
893 2161 1041 2248 ἐσιγήθη,
1064 2160 1133 2226 dor.
1156 2159 1220 2225 ἐσι
1255 2209 1258 2216 ,

98 2259 186 2347 yddp
206 2262 344 2344 (cf.Hes.
360 2261 514 2350 ἐσιγάθη·
534 2262 720 2351 ἐσιωπήθη.
752 2263 962 2329 Eur.Phoen.
982 2265 1053 2328 349.
1084 2263 1235 2328 Theocr.'

95 2361 192 2446 idyll.
217 2366 265 2443 16,
290 2365 330 2427 54
353 2364 395 2428 al.
432 2363 553 2430 Graefe
574 2364 685 2429 Melet.
708 2389 739 2452 p.
765 2368 834 2447 125,
853 2369 885 2448 6)
909 2366 1048 2431 averbo
1067 2366 1139 2446 ἱγᾶν
1157 2362 1219 2448 Cy-

94 2465 242 2549 priorum
264 2468 407 2551 proprio,
430 2467 507 2531 Hes.
531 2469 601 2549 ἵγα·
627 2467 737 2534 σιώπα
759 2468 801 2532 Κ.
824 2505 867 2516 -—

181 2566 338 2651 Sequitur
359 2591 456 2654 porro
481 2566 552 2634 ἄαδ
560 2591 595 2634 α·
620 2561 717 2657 αὕτη
739 2571 793 2651 K„

181 2669 268 2753 quod
287 2672 468 2756 suspicioni
482 2673 662 2736 obnoxium
679 2674 749 2736 iure
767 2674 949 2757 meritoque
971 2676 1069 2758 putat
1085 2670 1217 2736 Ahrens

96 2770 142 2849 Π,
164 2771 237 2834 272:
260 2793 365 2856 neque
388 2774 475 2836 enim
497 2774 672 2857 quisquam
695 2769 814 2840 dodae
837 2774 973 2838 dialecti
994 2773 1125 2859 legibus
1149 2774 1217 2858 qui·

96 2871 235 2937 busdam
268 2896 328 2958 pro
368 2866 447 2960 αὕτη
485 2873 611 2939 dietum
641 2879 867 2958 asseverabit,
899 2899 998 2960 quam
1029 2876 1217 2960 opinionem

92 2974 254 3039 Schmidt.
277 2977 327 3040 Zt.
350 2975 371 3039 l.
395 2976 416 3038 l.
439 2999 470 3061 p.
493 2979 554 3042 368
584 3000 624 3054 ,,ν
646 3007 689 3034 =
710 2987 751 3041 o“
781 2983 815 3042 et
843 2977 1006 3044 Oamarda
1031 2976 1053 3040 l.
1077 2997 1102 3040 c.
1125 2977 1151 3056 L
1175 2979 1215 3043 73

93 3073 201 3153 „duda
228 3078 290 3142 eol.
317 3107 361 3134 =
387 3074 491 3166 arleff
515 3079 547 3162 (l)
577 3081 686 3144 animo
716 3081 888 3146 imbibisse
914 3102 1030 3146 revera
1055 3079 1219 3146 videntur.

89 3177 288 3264 Comparari
318 3179 448 3264 quidem
474 3182 582 3267 possit
602 3181 680 3246 Hes.
705 3175 872 3258 ἀντεσοῦς·
903 3190 961 3248 τοῦ
989 3179 1088 3249 αὐτοῦ
1115 3181 1217 3269 ἔτους.

90 3281 264 3356 Adrasos:
291 3287 327 3346 at
348 3287 460 3347 tamen
484 3305 556 3348 cum
579 3283 687 3348 ordini
710 3307 835 3350 summo
859 3307 955 3371 opere
976 3287 1163 3372 refragetur
1186 3292 1219 3350 et

89 3381 311 3448 Doriensibus
340 3382 437 3460 αὐτός
463 3385 518 3452 vel
546 3376 603 3461 αῧς
627 3387 740 3470 (Hes),
767 3411 833 3452 non
857 3384 953 3462 ἇντός
974 3389 1009 3452 in
1031 3410 1094 3454 usu
1116 3389 1218 3453 fuisse

91 3507 110 3548 e
142 3485 252 3550 titulis
280 3489 363 3552 satis
393 3495 562 3573 appareat,
594 3489 735 3554 eandem
760 3490 863 3556 habet
894 3491 1114 3578 suspicionem
1145 3513 1217 3576 gra·

91 3590 273 3654 vissimam.
318 3589 374 3654 Sic
397 3592 498 3654 etiam
521 3591 605 3656 alias
627 3591 758 3678 glossas
782 3614 865 3678 quae
888 3591 951 3656 huc
973 3593 1062 3657 trahi
1085 3598 1215 3677 queant7

89 3691 186 3757 velut
207 3692 489 3779 καιεβανκάλησε·
513 3701 723 3776 κατεκοίμισε
744 3717 804 3780 pro
826 3695 1101 3781 κατεβαακάλησε,
1129 3716 1216 3758 men-

87 3793 198 3859 dosas.
223 3815 295 3858 esse
323 3792 403 3858 ordo
431 3797 587 3861 turbatus
616 3798 789 3882 perspicue
817 3797 921 3862 docet.
964 3798 1080 3880 Neque
1106 3798 1214 3882 magis

90 3917 166 3960 cum
194 3895 406 3981 Legerlotzio
434 3895 484 3959 Zt.
507 3897 584 3978 VH,
608 3901 647 3962 69
679 3901 858 3979 consentio,
886 3899 942 3982 qui
971 3893 1054 3963 ἅνδα
1078 3899 1148 3961 sim.
1172 3898 1215 3962 ad

90 4019 270 4082 pronomen
309 3997 606 4063 demonstrativum
641 3996 738 4075 ἄατος
773 4006 925 4079 revocat,
963 4000 1015 4064 cui
1049 3999 1214 4086 duplicem
1261 4080 1272 4092 ⁸

90 4101 230 4184 stirpem
261 4095 300 4164 ἀν
330 4098 403 4164 coll.
427 4095 533 4178 ἔνθα,
557 4106 617 4165 sot
640 4124 713 4183 ana,
737 4108 771 4167 et
792 4127 830 4166 ιιι
853 4101 926 4167 coll.
951 4088 1080 4180 οὗ-το-ς,
1104 4097 1214 4178 αιἰ-τός

975 4207 1009 4254 2*
