2862 4668
645 337 855 398 -42-

187 501 253 580 λός,
277 524 361 588 quae
383 524 472 568 vocc.
495 525 559 587 quo
583 509 680 590 pacto
704 525 777 568 cum
800 523 935 590 spumae
957 503 1091 566 notione
1114 501 1321 566 conectenda

188 606 265 686 sint,
286 603 377 669 haud
398 605 497 669 facile
520 607 697 692 perspicio)
724 628 783 693 per
806 625 828 670 σ
849 603 979 670 initiale
1003 602 1205 689 amplificata
1227 603 1320 668 deri-

187 712 258 772 vat:
281 708 348 772 imo
372 727 461 792 cypr.
486 708 641 791 corippus
665 729 737 774 oum
760 730 861 794 germ.
885 707 1004 788 skdmi‚
1031 710 1145 772 nostro
1170 706 1317 788 schaum,

113 877 119 887 ,
188 809 297 876 alban.
322 809 444 890 ὃκούμξ
467 812 520 894 (cf.
543 811 614 876 ital.
638 812 787 876 schiuma
810 816 843 876 et
866 831 987 889 scuma
1014 809 1143 894 hispan.
1167 831 1316 874 escuma:

186 911 280 975 Diez.
303 911 472 978 Wdrterb.
497 913 526 976 d.
550 914 642 979 Rom.
666 915 763 1000 Spar
785 914 811 994 Ι,
835 917 920 996 371),
943 913 1097 977 fortassis
1116 913 1217 976 etiam
1239 933 1316 977 cnm

187 1013 246 1077 lat.
279 1017 395 1100 spuma
426 1018 468 1099 (v.
496 1016 606 1081 Kuhn.
634 1016 684 1081 Zt.
711 1017 775 1096 IV,
805 1017 855 1080 35.
901 1013 991 1081 Ourt.
1021 1017 1097 1098 463)
1129 1015 1317 1079 arctissime

189 1115 362 1180 cohaerere
394 1117 587 1205 (indogcrm.
620 1119 748 1205 spaima
777 1118 872 1183 Fick.
904 1120 979 1201 415)
1012 1123 1046 1182 ot
1076 1142 1098 1183 α
1129 1118 1316 1203 antiquitus

188 1239 260 1283 esse
287 1223 468 1300 servatum,
496 1221 570 1305 quis
599 1226 649 1286 est
676 1222 733 1307 qui
763 1219 958 1308 negaverit?
1000 1217 1049 1284 Of.
1072 1219 1250 1285 Liebrecht
1279 1221 1315 1283 in

188 1319 280 1386 cett.
305 1320 367 1408 gel.
391 1319 474 1386 Anz.
500 1325 581 1389 1869
604 1346 634 1387 n.
658 1326 700 1388 40
722 1347 752 1410 p.
779 1325 869 1388 1589.

272 1423 401 1488 Deinde
428 1423 545 1509 σάρκα,
572 1430 637 1489 vet.
662 1425 756 1511 σάρξ,
783 1430 916 1513 praeter
944 1433 1051 1512 συρκῶ
1075 1424 1201 1490 aeolico
1224 1448 1315 1490 more

188 1524 282 1609 (Ahr.
302 1527 355 1608 78)
377 1556 421 1582 =
442 1530 507 1592 vet.
532 1527 658 1613 σαρκάζ
685 1580 691 1592 .

273 1628 437 1706 πάτζαλος
469 1629 585 1710 „homo
616 1630 844 1716 pustulosus“‚
877 1629 964 1715 quod
993 1631 1052 1694 lat.
1079 1630 1231 1716 pustula,
1267 1655 1313 1717 gr.

188 1719 328 1814 φυσαλΐς
351 1730 433 1814 (rad.
456 1755 501 1818 pu
523 1729 613 1797 curt.
636 1734 713 1815 463)
735 1733 935 1820 respondere
958 1733 1098 1798 videtur.

272 1833 358 1897 Item
379 1837 502 1920 trapez.
525 1835 675 1922 θαγάτηρ
700 1835 812 1919 (Kind.
834 1837 885 1901 ut.
904 1835 964 1918 XI,
990 1837 1062 1918 125)
1089 1865 1132 1892 --
1154 1836 1315 1924 θυγάτηρ,

188 1934 275 2020 quod
314 1935 402 2021 apud
431 1938 577 2004 Zacones
614 1962 631 2004 e
667 1939 768 2005 solita
801 1943 827 2004 6
853 1941 888 2003 in
920 1957 941 2003 σ
972 1939 1184 2004 conversione
1216 1945 1316 2004 sonat

188 2037 351 2126 συ(γ)άτη;
375 2041 454 2126 cpir.
477 2041 581 2124 θύγου
605 2041 658 2126 (P).
681 2081 723 2090 —
806 2033 814 2115 J

272 2141 423 2226 Denique
445 2144 480 2206 in
502 2146 685 2211 recentiore
708 2143 906 2231 Cypriorum
936 2142 1079 2207 dialecto
1103 2168 1124 2209 α
1146 2143 1317 2208 interdum

186 2267 245 2330 pro
269 2243 358 2331 vulg.
382 2270 394 2309 ι
416 2247 581 2312 vocalium
609 2247 759 2314 mollium
790 2247 897 2311 altera
920 2250 1078 2332 superest,
1103 2247 1195 2310 cuius
1219 2243 1316 2310 affec·

186 2347 288 2412 tionis
312 2349 463 2434 exempla
484 2349 664 2436 producam
686 2350 800 2414 haece:
886 2333 889 2340 ¹

272 2445 407 2534 ἆγνάριν
429 2453 656 2539 „vestigium“‚
684 2453 774 2537 vulg.
805 2448 921 2533 ἇχνάρι
946 2451 1051 2533 (Pasa
1075 2449 1159 2533 Ind.)
1182 2479 1225 2506 =
1250 2455 1316 2514 vet.
1421 2491 1422 2506 .

186 2551 284 2631 ἴχνος.
308 2549 377 2615 rad.
407 2553 470 2617 fik
494 2551 596 2637 (Ourt.
623 2556 705 2636 130),
734 2559 768 2618 et
796 2549 953 2619 ἀκανετόν
981 2554 1076 2618 iuxta
1099 2551 1249 2618 ἱκανετόν
1271 2583 1318 2608 -.-
1421 2577 1422 2582 ’

186 2657 251 2716 vet.
275 2653 387 2720 ἱκανόν
410 2653 514 2737 (Ourt.
539 2658 621 2739 132).
665 2657 773 2722 Huius
798 2679 818 2720 α
839 2656 1003 2741 primitivi
1025 2657 1170 2742 vestigia
1195 2655 1230 2718 in
1253 2654 1318 2718 lin-

186 2777 253 2841 gua
284 2760 396 2820 vetere
428 2763 527 2842 atque
555 2760 707 2845 cognatis
734 2759 867 2844 penitus
899 2757 1138 2823 desiderantur.
1189 2755 1319 2823 Oontra

186 2859 287 2922 etiam
317 2850 474 2945 ἅππαρος
502 2865 644 2945 ‚,equus“
670 2860 768 2926 hodie
798 2862 833 2924 in
859 2883 922 2926 usu
953 2865 1013 2941 est,
1044 2859 1131 2946 quod
1155 2860 1228 2924 coll.
1253 2865 1317 2924 sct.

186 2983 307 3043 aqva-s,
335 2962 471 3028 zendico
500 2987 624 3050 appa-s,
651 2965 780 3029 lituano
809 2985 909 3028 aszva
938 2959 1042 3047 (Ourt.
1065 2963 1140 3045 421)
1164 2962 1317 3027 vocalem

186 3065 402 3150 originariam
432 3088 583 3132 servasse
611 3067 756 3132 videtur:
789 3067 838 3130 sic
872 3067 973 3130 etiam
1002 3069 1079 3130 aret.
1107 3061 1318 3151 Apokdrona

185 3193 228 3222 =
250 3171 315 3231 vet.
334 3163 598 3252 Ἶπποκορώνιον
622 3173 664 3252 (ν.
688 3168 813 3255 Spratt.
836 3168 862 3249 Ι,
886 3170 975 3251 362);
1008 3173 1123 3233 contra
1147 3173 1223 3232 crat.
1248 3174 1317 3233 vet.

184 3259 298 3342 ἕππος
329 3297 372 3324 =
402 3273 518 3348 ἵππος,
550 3296 580 3336 v.
608 3271 802 3336 Voretzsch.
835 3271 857 3334 l.
890 3292 915 3336 c.
946 3294 978 3356 p.
1001 3272 1051 3335 27.
1096 3271 1245 3347 Quocum
1274 3273 1317 3336 cf.

186 3371 296 3436 alban.
333 3371 436 3457 στάβξ
472 3377 649 3454 „acervus“
687 3403 729 3428 =
766 3377 832 3438 vet.
871 3373 985 3458 στιβάς
1021 3397 1041 3436 a
1077 3373 1146 3437 rad.
1180 3373 1318 3440 stambh

186 3472 290 3558 (Ourt.
321 3475 447 3558 200)1);
482 3475 537 3540 vel
568 3472 683 3557 ἇνεμίκ
712 3476 851 3562 (gegice)
878 3505 921 3531 =
949 3475 1016 3556 lat.
1036 3476 1189 3540 inimicus
1219 3473 1316 3540 salvo

185 3576 331 3663 praefixo
359 3573 409 3654 ἂν,
438 3577 525 3663 quod
554 3579 589 3642 in
616 3577 740 3664 linguis
769 3579 943 3658 sanserita,
969 3577 1115 3660 sandica,
1142 3577 1317 3643 hibernica

185 3683 261 3760 vet,
292 3701 420 3766 graeca,
452 3678 605 3745 dialectis
629 3701 706 3745 osca
733 3685 767 3745 st
788 3681 939 3745 umbrica
962 3683 1004 3763 (v.
1028 3676 1118 3744 Ourt.
1143 3680 1219 3762 286)
1243 3703 1315 3768 pro·

187 3783 264 3845 stat.
310 3778 358 3846 Of.
384 3780 548 3848 Camarda
569 3782 595 3864 I,
620 3783 669 3848 38.
692 3820 734 3829 -

189 3939 393 3948 ——---—-—-

272 4041 293 4107 1)
311 4043 352 4093 Cf.
371 4049 416 4092 sct.
435 4043 560 4093 rumh-as
579 4041 728 4104 ‚,scervus“.
764 4038 931 4090 Grassmann.
951 4041 991 4090 Zt.
1009 4041 1067 4100 XII,
1088 4041 1128 4092 94.
1171 4033 1174 4039 ’
