2862 4668
650 371 863 433 „34-

195 539 433 622 ,putabulum‘s
477 538 592 625 μούνη,
615 561 686 625 ngr.
709 539 804 625 μύοη,
829 561 892 622 quo
917 537 956 602 de
980 539 1018 602 cf.
1043 534 1115 601 Oor.
1135 531 1204 600 ”Aa
1223 534 1250 615 Ι,
1269 535 1327 598 45.

196 650 285 730 cusp,
308 648 374 707 vet.
398 648 504 728 στέγη.
547 641 633 705 Item
654 644 765 728 μιτζῆς
788 645 948 726 „parvus“
976 644 1019 724 (v.
1042 640 1151 721 infra),
1183 633 1200 702 ὁ
1229 643 1329 722 στρέ-

196 769 289 832 φτης.
321 745 511 830 γαλεοτῆριν
542 743 722 824 „mulctra“
753 766 826 828 opp.
858 742 1040 828 δρωτάριν,
1072 743 1135 808 hoo
1167 744 1218 804 est
1248 761 1329 824 ngr.

196 847 361 934 ἱδρωτῆρι.
404 845 555 931 Denique
582 851 738 933 τσημινία
765 845 786 908 i.
810 866 836 908 e.
864 852 997 932 κημινία
1019 873 1062 900 ·=
1084 849 1150 910 vet.
1176 846 1329 924 καμινία,
1405 847 1411 974 3

195 950 291 1012 iuxta
318 947 453 1030 κάμινος
483 944 560 1034 ᾄσμ.
589 948 637 1025 15,
662 949 711 1012 63.
737 949 786 1011 79.
832 952 964 1028 καμίνον
986 949 1070 1012 dice.
1095 949 1144 1011 62.
1190 950 1330 1031 πηννίν,
1367 989 1372 993 -

196 1055 261 1115 vet.
292 1057 422 1137 πηνίον,
455 1050 523 1116 dor.
555 1055 687 1127 πανίαν,
718 1071 790 1136 ngr.
819 1055 911 1126 πανί,
942 1053 1074 1134 praeter
1106 1046 1193 1132 quod
1220 1047 1331 1110 etiam

195 1155 339 1229 πανίζω,
364 1160 485 1219 παννίν
517 1151 616 1217 hodie
642 1150 786 1231 auditur,
809 1174 839 1216 v.
862 1150 988 1216 Sakcll.
1012 1173 1037 1216 s.
1060 1175 1090 1216 v.
1113 1189 1155 1197 —
1177 1149 1332 1235 μανηχός

196 1256 216 1318 i.
248 1277 273 1319 e.
301 1254 391 1341 vulg.
418 1253 562 1337 μοναχός
595 1254 672 1337 (vid.
695 1277 726 1340 p.
750 1255 828 1334 403,
860 1277 919 1340 pro
952 1277 1015 1338 quo
1047 1253 1149 1318 semel
1174 1251 1331 1334 μανάχον

196 1357 321 1443 legitur
344 1356 432 1443 apud
450 1356 576 1422 Sakell.
601 1353 678 1443 ᾄσμ.
705 1359 753 1436 14,
774 1357 812 1418 21
838 1355 975 1437 (μονάχο
999 1357 1092 1420 Pass.
1111 1358 1183 1435 401,
1202 1355 1267 1434 20).
1285 1391 1331 1398 -
1409 1345 1411 1354 '

281 1459 407 1524 Eadem
443 1460 668 1525 inconstantia
700 1459 735 1521 in
767 1456 910 1522 dialecto
945 1457 1111 1524 Zaoonum
1145 1463 1330 1542 comparet,

197 1561 263 1628 vid.
286 1561 410 1628 Devill.
432 1586 464 1649 p.
488 1566 538 1628 90.

629 1769 700 1847 §2
732 1773 839 1853 Apro
862 1773 897 1831 F..

283 1921 426 1985 κάπια·
449 1917 494 1984 τὰ
518 1919 707 2004 σκόροδα.
733 1922 987 2006 Kopoustoros)

282 2053 325 2078 =
352 2022 410 2087 lat.
440 2043 541 2107 caepa
569 2024 685 2108 (cepa),
714 2021 823 2088 alban.
852 2021 1219 2106 κέπρ(Ηα11ο.α]’έπρ);
1253 2021 1331 2085 rad.

197 2149 283 2202 καπ,
310 2125 396 2190 unde
424 2124 482 2189 lat.
511 2130 630 2211 cap-ut,
659 2130 718 2188 sot.
746 2124 897 2210 kapalas,
934 2148 982 2212 gr.
1014 2123 1139 2209 κεφαλή
1163 2123 1331 2209 originem
1410 2141 1411 2146 ’

199 2225 330 2292 ducunt.
374 2227 522 2293 Denotat
548 2229 653 2314 igitur
678 2228 810 2313 proprie
840 2250 973 2313 porrum
1001 2226 1231 2311 „capitatum“.
1278 2224 1330 2291 Of.

197 2329 276 2394 Hes.
294 2329 452 2418 κεβλήνη·
471 2327 491 2416 ἡ
512 2327 662 2413 ὀρίγανος
680 2331 825 2416 „species
843 2331 972 2418 origani
990 2329 1155 2414 capitata“
1171 2327 1330 2410 (Salmas.
1409 2327 1410 2346 *

198 2432 332 2497 Exercc.
359 2431 446 2496 Plin.
475 2456 506 2518 p.
530 2435 593 2496 914
607 2431 648 2514 F)
678 2455 698 2495 a
724 2437 811 2517 poet.
835 2433 943 2520 κέβλη,
970 2431 1048 2496 Hes.
1071 2431 1202 2516 κεβαλή.
1248 2430 1329 2495 Vid.

198 2533 281 2601 ch.
303 2533 405 2599 Prcll.
428 2559 458 2620 p.
483 2539 533 2615 91,
560 2537 606 2598 15.
640 2537 711 2614 218,
734 2535 784 2598 32.
826 2531 916 2598 Ourt.
934 2533 1070 2618 Etyma
1091 2557 1122 2618 p.
1149 2534 1217 2596 148.
1242 2571 1280 2579 -

283 2644 472 2718 μνασίον·
496 2646 645 2722 μέτρον
667 2661 703 2700 τι
727 2639 971 2718 δομέδομνον
993 2636 1072 2702 Hes.
1097 2634 1240 2699 dialecto
1260 2657 1330 2700 non

199 2737 360 2802 indicata:
394 2737 479 2812 hanc
501 2743 612 2801 tamen
634 2760 807 2804 mensurae
831 2737 1107 2825 significationem
1129 2735 1330 2823 Cypriorum
1408 2799 1409 2804 ,

199 2841 302 2905 fuisse
331 2839 451 2905 docent
472 2839 582 2924 Etym.
607 2839 692 2906 Gud.
715 2844 787 2922 396,
812 2844 859 2906 10.
904 2841 1067 2928 Epiphan.
1098 2839 1138 2904 de
1168 2861 1269 2903 mens.
1294 2843 1330 2902 et
1408 2885 1409 2888 ,

199 2941 297 3028 pond.
320 2941 357 3005 Π
378 2967 409 3028 p.
435 2943 542 3024 178Β,
565 2944 624 3010 ubi
646 2943 752 3009 forma
774 2950 894 3026 μνασίς
916 2942 1075 3008 traditur:
1102 2947 1243 3024 μνασίον
1266 2942 1329 3027 igi·

201 3050 257 3108 tur
278 3046 510 3109 formationem
527 3047 665 3130 praebet
684 3045 930 3111 deminutivum.
965 3045 1076 3110 Radix
1095 3050 1146 3109 est
1159 3048 1221 3108 met
1243 3066 1328 3125 „me-

200 3147 277 3209 tiri“
300 3148 335 3210 in
357 3169 449 3210 ma-n
472 3152 571 3212 aucte
594 3148 647 3231 (cf.
665 3169 831 3212 men-sura
850 3145 962 3212 Curta
986 3150 1070 3231 306),
1094 3170 1193 3233 quam
1211 3143 1328 3232 Cyprii

201 3270 259 3334 per
281 3247 407 3312 nasalis
429 3250 723 3334 transpositionem
745 3251 780 3313 in
801 3274 868 3332 μνα
890 3251 1120 3318 immutabant.
1155 3249 1274 3333 Itaque
1298 3250 1328 3312 si

166 3397 169 3402 -
201 3371 278 3416 vere
310 3351 452 3431 conieci,
484 3348 625 3436 Cyprios
657 3352 871 3417 observamus
902 3352 1051 3418 vocalem
1081 3353 1275 3438 primariam
1306 3375 1327 3415 α

203 3473 431 3518 conservasse:
454 3453 535 3516 item
558 3453 667 3520 alban.
689 3455 778 3535 μάσρ
801 3478 826 3520 s.
848 3453 987 3539 μάτρῖ),
1018 3456 1056 3520 cf.
1080 3460 1140 3519 set.
1162 3457 1326 3533 matram,

1406 3525 1408 3606 3

286 3712 308 3778 1)
333 3714 398 3762 cod.
427 3711 600 3784 Κορονῆταιε
627 3715 695 3764 inter
717 3715 803 3764 varius
826 3715 903 3764 huius
927 3715 1023 3764 ethnici
1045 3717 1155 3776 formae,
1183 3729 1251 3776 quae
1277 3723 1323 3763 tre·
1405 3775 1407 3786 .

201 3799 304 3858 duntur,
323 3800 411 3848 forsan
432 3797 579 3870 Κερονῖται
604 3809 670 3849 teste
695 3803 813 3850 Diodoro
835 3801 873 3862 19,
893 3803 923 3850 59
948 3801 993 3866 (cf.
1017 3801 1171 3862 wesseling.
1199 3802 1242 3848 cd.
1261 3800 1321 3862 1.l.3

202 3884 400 3945 praeferendum
424 3893 469 3932 est.
505 3886 603 3954 Contra
626 3887 725 3934 formae
751 3878 887 3955 Κερύνεια
912 3893 938 3934 ct
961 3884 1117 3957 Κερονΐται,
1141 3899 1209 3947 quae
1226 3893 1319 3948 praem
1405 3879 1407 3930 1

202 3967 266 4016 elias
285 3965 386 4030 (Engel.
404 3970 425 4029 Ι,
444 3971 488 4034 81)
507 3972 576 4032 apud
588 3971 724 4033 scriptores
735 3969 863 4032 leguntur,
880 3970 930 4034 ipsi
943 3970 1098 4035 Cyprionum
1110 3971 1221 4020 dialecto
1241 3967 1323 4020 deberi

202 4051 328 4112 videntur,
346 4053 398 4101 vid.
418 4056 439 4115 ξ.
459 4057 483 4103 6.
506 4083 532 4088 -

287 4135 309 4200 ²)
328 4147 438 4188 noceret.
455 4129 594 4210 μοοζούρι,
610 4156 635 4189 v.
654 4140 749 4203 Spratt.
769 4141 790 4204 Ι,
809 4143 867 4193 381.
