2862 4668
638 347 850 411 ,74-

250 513 409 583 discor·
433 522 575 604 κριθῆς
593 520 737 598 δεσμοὶ
759 519 821 582 καὶ
843 519 953 592 arvos
971 514 1078 604 παρὰ
1097 525 1305 603 Κυπρίοις.

179 617 299 684 Altera
321 619 610 705 interpretamenti
637 641 715 704 pars
745 623 863 706 κριθῆς
887 621 1009 700 δεσμοί
1032 617 1072 684 de
1093 619 1211 684 hordei
1233 641 1307 685 oon·
1414 667 1415 706 3

179 723 249 786 tusi
277 721 447 786 fasciculis
472 723 522 786 ita
555 723 678 807 optime
705 721 931 807 intellegenda
959 726 1018 802 111,
1047 727 1086 786 ut
1113 725 1237 802 δεσμοί
1264 751 1308 776 =
1414 745 1415 750 ¹

174 812 301 905 δέσμαι
323 825 377 887 sit.
413 823 491 888 Jam
514 844 602 909 cypr.
627 818 676 888 ὄλ·
700 822 865 906 ινοι(11(1.
891 821 1152 905 1110111334)
1176 846 1196 886 1
1214 821 1306 908 vulg.
1413 821 1415 876 l

180 920 277 989 οὐλαί
306 925 326 990 i.
350 947 384 988 e.¹
409 925 584 1010 [Half-ac
614 947 680 989 non
710 926 808 989 nimis
840 924 1007 1005 abscedit,
1039 924 1125 988 unde
1158 945 1307 1008 syracus,

181 1021 275 1110 ὀλβα-
297 1026 389 1108 χίίον
412 1027 578 1114 digammo
597 1027 818 1110 11β111111ο
843 1025 936 1110 (Ahr.
954 1027 999 1107 H,
1022 1027 1071 1091 51.
1097 1029 1146 1092 57.
1183 1027 1263 1090 Phil
1284 1027 1307 1090 l.

179 1125 238 1204 VI,
262 1129 346 1210 650).
389 1129 590 1215 Neglegitur
617 1131 729 1194 autem
754 1128 927 1214 productio
955 1123 1029 1214 pari
1056 1128 1154 1194 modo
1183 1131 1218 1193 in
1246 1133 1307 1194 att.

180 1224 276 1307 ὀλ-αί,
298 1230 377 1294 Η11.
401 1225 493 1295 tlat-
516 1234 641 1316 κριθαί,
665 1225 822 1316 ἀπαρχαί.
846 1267 888 1280 --

183 1386 184 1392 .
266 1327 407 1416 ἅορον·
440 1369 482 1380 -·
511 1332 706 1418 θυρωρόν.
741 1338 778 1397 Κ.
811 1333 832 1396 1.
856 1354 882 1397 1.
915 1329 1085 1418 ἇ-Γορ-ον
1116 1332 1190 1397 coll.
1214 1332 1319 1418 vulg.¹
1414 1331 1415 1376 l

180 1419 286 1518 οὖρος,
313 1433 396 1501 lesb.
424 1430 567 1522 ἅ-ωρ-ος,
594 1433 664 1498 rad.
695 1457 757 1499 var
784 1431 1001 1518 (01113141
1030 1456 1094 1518 qua
1122 1434 1162 1499 de
1191 1434 1309 1520 glossa

180 1535 383 1601 enucleatius
400 1560 482 1602 mox
505 1537 759 1622 disputabimus.
782 1575 824 1584 —

265 1635 481 1724 ἐπίκορον·
504 1638 717 1704 ἐπίκοπον.
742 1639 937 1724 Πάμφιοι.

188 1771 190 1776 ’
264 1739 342 1804 Jam
377 1740 506 1826 pridem
537 1741 694 1806 Musurus
729 1741 900 1827 praeclare
932 1763 970 1806 ac
1002 1742 1084 1807 scite
1116 1738 1304 1804 emendavit
1413 1791 1415 1828 ἦ

179 1838 350 1906 ἐπίκωπον
372 1842 512 1927 ucoca,
535 1865 619 1928 quae
636 1845 824 1908 coniectura
843 1849 876 1908 et
893 1844 1054 1910 facillima
1074 1849 1108 1908 et
1130 1843 1298 1928 aptissima

180 1943 332 2009 omnibus
354 1951 506 2030 praestat
521 1947 761 2012 recentioribus
785 1944 1295 2029 111Η11111111111111(ἐπίκοπο1·
1414 1983 1415 2028 7

179 2145 343 2222 Ιε’πίκοπον
370 2149 445 2216 coll.
467 2150 623 2216 Eustath.
641 2170 676 2236 p.
701 2151 795 2230 1416,
817 2151 867 2230 33,
891 2150 979 2234 quod
1001 2149 1211 2218 Sakellarios
1234 2171 1304 2234 pro·

177 2249 258 2314 bare
280 2251 438 2335 videtur),
461 2253 645 2319 Schmidtio
669 2251 838 2336 (ἐπίκορον
860 2253 881 2315 1.
906 2273 932 2315 1.
955 2250 1149 2338 ἐπίσκορον·
1174 2250 1307 2316 ἐπίσκο-

177 2353 256 2434 πον)
287 2355 443 2439 gnaviter
467 2357 659 2443 propositis.
707 2353 900 2440 Respondet
931 2359 1042 2419 autem
1069 2353 1205 2446 vulgari
1236 2350 1307 2417 ἐπί·

177 2475 297 2538 κοορον
327 2455 348 2518 1.
376 2477 402 2520 1.
434 2495 474 2505 -
506 2481 643 2544 κορρον,
676 2458 715 2520 cf.
749 2452 839 2520 Ourt.
863 2455 957 2522 stud.
980 2456 1006 2536 Ι,
1040 2463 1054 2519 1
1088 2479 1120 2542 p.
1144 2457 1207 2522 250
1235 2476 1307 2538 sqq.

178 2553 200 2618 J
202 2575 256 2616 am
282 2554 457 2644 ἐπίκουρος
483 2558 650 2645 significat
680 2580 752 2622 eum
782 2559 839 2643 qui
869 2559 958 2623 omni
984 2557 1081 2623 modo
1105 2557 1307 2634 auxiliatum

178 2654 348 2733 ἐπίκωπος
379 2661 430 2744 (11.
454 2661 637 2742 11111111.)-
657 2661 789 2746 proprie
821 2681 895 2724 eum
926 2662 983 2744 qui
1013 2681 1102 2724 remo
1136 2658 1307 2724 admotam

177 2758 280 2825 habet
301 2781 444 2844 manum,
472 2765 529 2849 qui
556 2767 607 2828 111
636 2764 671 2826 in
692 2763 865 2849 procinctu
887 2763 1124 2848 navigationis.
1167 2761 1203 2826 Is
1226 2783 1305 2826 vero
1414 2841 1415 2844 Ἴ

178 2863 235 2946 qui
261 2864 297 2927 in
322 2867 494 2950 procinctu
524 2865 666 2930 alicuius
696 2865 746 2929 rei
768 2869 828 2945 111,
856 2863 1018 2928 auxilium
1041 2863 1185 2948 quodam
1206 2857 1306 2928 modo
1413 2895 1415 2904 v

177 2963 243 3028 fert
268 2977 408 3052 'eumque
430 2969 552 3055 Paphii
577 2966 668 3032 haud
696 2967 820 3032 iniuria
842 2965 999 3053 ἐπίκορον
1021 2967 1041 3031 1.
1066 2989 1092 3031 1.
1115 2964 1307 3051 ἐπίκουρον
1413 2967 1415 2986 ⁷

179 3067 359 3152 appellant.
382 3107 423 3118 -
560 3063 562 3070 ’
836 3093 839 3098 ·

262 3167 336 3233 Huc
365 3172 584 3260 adiungamus
612 3172 744 3260 glossas
771 3161 963 3252 nonuullas,
992 3193 1076 3256 quae
1102 3170 1182 3235 aliis
1213 3191 1306 3257 prae-

179 3270 273 3355 cipue
301 3269 342 3334 de
371 3276 498 3360 caussis
521 3273 718 3360 Cypriorum
741 3273 884 3338 dialecto
908 3272 1129 3338 accensendae
1152 3277 1244 3338 sunt:
1274 3276 1308 3336 11

177 3371 382 3458 Paphiorum
404 3375 537 3460 quidem
559 3381 610 3440 est
632 3376 677 3462 gl.
1414 3451 1415 3466 ρ

263 3471 392 3560 ἐςόρα·
416 3471 612 3555 ὄπισθεν,
636 3473 787 3556 ὀπίσω,
816 3500 881 3562 qua
912 3477 951 3541 de
979 3477 1091 3542 varias
1119 3478 1307 3540 sententias
1413 3525 1415 3544 .

177 3577 249 3642 veri
271 3577 342 3640 sine
361 3577 475 3662 aliqua
492 3578 712 3644 similitudine
731 3578 905 3644 ediderunt
924 3577 1085 3644 Schmidt
1108 3583 1142 3642 et
1158 3577 1305 3642 Meinek.
1414 3569 1415 3576 '

178 3675 312 3743 Collato
343 3700 422 3744 vero
453 3681 551 3766 paph.
583 3679 615 3757 ἐς
646 3711 689 3738 =
717 3681 761 3760 ἐκ,
789 3680 834 3760 ἐξ,
867 3680 955 3766 quod
988 3679 1124 3766 perinde
1147 3685 1248 3764 atque
1271 3681 1306 3743 in
1414 3717 1415 3776 ρ

178 3785 323 3866 cognata
354 3781 496 3848 dialecto
527 3781 694 3851 Arcadica
733 3806 807 3848 cum
840 3783 954 3848 dativo
988 3784 1200 3848 coniunctum
1233 3803 1306 3846 esse
1414 3781 1415 3816 ³

177 3881 297 3947 tabula
317 3883 428 3948 Idalia
449 3884 635 3950 luculenter
666 3885 905 3969 evinciturlof.
929 3884 965 3962 ἐξ
986 3889 1031 3971 τῷ
1054 3883 1103 3947 ld.
1127 3885 1155 3948 5.
1180 3886 1230 3947 11.
1254 3887 1304 3974 24.

177 3982 215 4060 ἐξ
236 3989 278 4072 τᾷ
310 3987 337 4050 6.
362 3987 418 4051 24:
450 3987 545 4053 Stud.
568 4011 599 4074 p.
624 3989 708 4068 248),
743 3993 882 4074 apparet
915 3987 1063 4072 glossam
1094 3987 1303 4072 apertissime

177 4106 294 4152 sanam
326 4087 575 4176 dispesoendam
606 4111 679 4156 esse
711 4088 743 4164 ἐς
776 4084 850 4175 ὅρα·
883 4085 1039 4166 ὄπισθεν,
1073 4085 1180 4153 ὀπίσω
1203 4117 1246 4143 --
1269 4087 1304 4163 ἐξ
1413 4167 1415 4194 A
