2862 4668
597 328 807 392 ..39..

567 547 634 627 §3-
667 553 775 632 Apro
801 554 838 614 Ο.

225 700 500 787 Aoriginarium,
524 699 611 785 quod
634 697 758 787 Cyprii,
785 702 936 788 inprimis
958 703 1088 788 Paphii,
1112 707 1189 767 ante
1211 702 1264 768 lit·

138 809 247 868 teram
269 804 420 868 caninam
442 803 477 866 in
500 827 517 866 o
541 805 769 885 obscurarunt,
793 805 828 868 in
849 804 971 891 glossis
993 805 1071 871 Hes.
1090 807 1263 892 perpaucis

141 930 201 992 pro
225 906 311 993 vulg.
336 930 353 970 o
378 905 580 990 conspicitur
602 905 667 972 his:

226 1009 409 1073 καλίδια·
438 1007 596 1094 ἔντερα.
627 1016 664 1074 K.
694 1009 766 1074 coll.
797 1009 887 1096 vulg.
918 1009 1065 1090 χολάδες,
1093 1008 1163 1074 rad.
1190 1033 1263 1096 χαρ,

140 1113 179 1174 of.
209 1131 280 1196 χορ·
309 1108 447 1196 drtlat
477 1110 551 1175 hira
574 1109 663 1178 Ourt.
690 1114 793 1193 191.1)
822 1113 952 1178 καλίδια
975 1116 1086 1176 autem
1107 1114 1263 1178 formatio

138 1217 190 1278 est
213 1211 427 1294 deminutiva,
457 1234 596 1298 quacum
619 1215 658 1278 cf.
682 1218 747 1278 vet.
771 1215 914 1295 χολίκιον
938 1237 958 1278 a
980 1213 1081 1296 χόλιξ.
1126 1215 1176 1279 De
1200 1215 1263 1300 spi-

135 1317 206 1381 ritu
229 1316 396 1401 aspiratae
419 1315 584 1402 gutturali
607 1315 754 1381 detracto
783 1318 821 1380 cf.
845 1317 940 1380 infra.
985 1315 1137 1402 Apparet
1158 1317 1263 1403 igitur

136 1443 159 1484 α
191 1417 392 1504 principale,
425 1417 512 1502 quod
544 1418 631 1484 aliae
663 1418 865 1484 Graecorum
898 1423 1014 1506 gentes
1047 1424 1124 1484 ante
1158 1443 1176 1504 ρ
1209 1421 1262 1502 (cf.

135 1520 253 1607 χορδή)
282 1525 315 1584 et
342 1521 361 1584 λ
391 1521 443 1603 (cf.
472 1521 618 1602 χολάδες.
646 1522 724 1586 Hes.
751 1522 864 1587 κόλον·
896 1561 937 1570 -
963 1521 1001 1586 τὸ
1029 1520 1171 1607 ἔντερον,
1195 1521 1261 1587 vid.

118 1623 308 1708 ·Aristcph.
330 1623 414 1708 qu.
433 1623 508 1704 455)
531 1625 566 1686 in
592 1647 610 1686 o
638 1625 864 1704 immutarunt,
893 1623 1032 1711 Cyprios
1057 1630 1134 1716 ante
1156 1627 1175 1689 l
1197 1646 1261 1690 ser·

135 1748 242 1791 vasse.
296 1725 445 1791 Similem
481 1728 621 1792 formam
658 1731 745 1792 certe
777 1728 1042 1812 antiquissimam
1074 1727 1261 1812 Hesychius

134 1827 278 1894 tradidit
304 1828 438 1910 roura·
470 1827 585 1912 ἔντερα
614 1831 667 1912 (cf.
694 1829 752 1894 lat.
780 1830 905 1914 hillae),
937 1831 1029 1896 cuius
1057 1829 1096 1895 de
1120 1832 1261 1918 origina-

134 1934 226 1997 ticne
254 1930 343 1996 haud
372 1931 593 2016 probabiliter
620 1931 746 1996 iudicat
772 1933 918 2000 Lobcek.
945 1933 1069 1998 Parall.
1094 1935 1149 2010 953
1180 1933 1260 1996 item

136 2033 289 2114 χαλάδες·
311 2029 353 2098 τὰ
376 2031 491 2120 ἔντερα
514 2038 547 2098 et
568 2033 725 2115 galeidae·
750 2074 789 2082 -
809 2035 986 2122 ἐξέντερος,
1011 2058 1094 2120 quac
1112 2034 1260 2100 vocalem

139 2136 326 2220 primariam
365 2158 382 2199 e
419 2135 562 2202 dialecto
602 2139 718 2218 neseio⁴
750 2160 815 2222 qua
851 2142 1038 2203 servarunt:
1080 2159 1162 2222 quas
1204 2158 1260 2201 cur

140 2237 338 2304 Schmidtius
366 2238 613 2325 eDicgeniano
641 2240 790 2320 moverit,
819 2239 969 2324 equidem
1000 2263 1065 2304 non
1088 2239 1194 2304 videc.
1216 2275 1260 2287 -

221 2339 271 2404 De
299 2341 413 2428 glossa
444 2342 559 2427 cypria
581 2342 695 2428 igitur,
724 2343 816 2408 cuius
840 2341 1013 2428 analogias
1037 2364 1077 2406 ex
1099 2340 1258 2406 hodierno

135 2464 283 2509 sermone
297 2443 397 2530 paulo
407 2446 715 2530 postsubtexemus,
734 2445 818 2508 nihil
834 2449 886 2509 est
904 2443 997 2510 dubii
1012 2466 1117 2529 neque
1129 2446 1259 2509 ‘coniec-

133 2551 238 2626 turae‚
260 2546 355 2612 velut
376 2549 545 2613 καλίνδινα
573 2551 606 2631 (a
628 2549 790 2630 καλίνδω),
819 2546 905 2632 quod
927 2546 1115 2612 Meinekius
1144 2549 1259 2628 suasit,

134 2651 340 2714 necessariae
363 2655 448 2715 sunt.
471 2689 513 2704 *-

219 2753 379 2833 καχίλα·
404 2747 517 2840 ἄνθη.
542 2760 578 2818 K.

221 2853 378 2920 Schmidt.
405 2855 449 2919 Is.
472 2855 629 2920 Vossium
658 2860 788 2920 secutus
817 2855 1025 2921 scribendum
1053 2861 1164 2919 censet
1186 2854 1258 2920 κάλ-

62 2955 67 2966 ’
135 2977 203 3036 χαιε
240 2956 327 3040 quod
359 2959 387 3022 si
417 2957 591 3044 probabile
623 2964 727 3038 esset,
759 2959 953 3022 miraremur
983 2945 1257 3042 cur'Hcsychius

135 3059 334 3124 vccabulum
356 3060 489 3147 vulgari
515 3064 657 3124 sermoni
679 3060 792 3124 eadem
816 3048 1057 3146 significatione
1079 3061 1257 3125 usitatissi-

135 3183 224 3226 mum
251 3162 331 3228 solis
359 3157 491 3248 Cypriis
519 3162 760 3249 adscripsisset.
804 3163 922 3248 Itaque
949 3163 1059 3248 potius
1087 3163 1189 3245 κάχλα
1217 3187 1257 3228 ex
1335 3245 1341 3255 ¹

135 3262 250 3329 ordine
279 3264 507 3352 corrigendum
530 3271 581 3330 est
606 3293 649 3320 =
675 3265 799 3347 κάλχαι,
828 3290 890 3352 quc
918 3264 1033 3353 Cyprii
1059 3266 1156 3332 flores
1183 3290 1257 3354 pur·

134 3367 230 3452 purei
250 3367 366 3452 procul
389 3366 488 3434 dubio
513 3367 631 3434 coloris
651 3367 870 3434 denotabant:
894 3369 934 3434 de
956 3371 1085 3456 generis
1105 3370 1257 3455 enallage

137 3470 174 3532 cf.
202 3468 281 3533 Hes.
309 3464 450 3554 ἄρμυλα·
480 3464 679 3558 ὑποδήματα
702 3477 739 3535 Κ.
769 3500 812 3526 =
838 3467 985 3558 ἀρβύλαι.
1018 3471 1128 3550 dacto·
1158 3467 1256 3556 ὄρνεα

137 3577 171 3635 Κ.
195 3601 238 3628 =
262 3574 384 3648 σπίζαι,
414 3573 484 3637 sim.
529 3574 552 3638 J
553 3597 605 3638 am
632 3596 709 3639 vero
738 3573 812 3640 coll.
836 3573 925 3662 vulg.
948 3575 1062 3656 κόχλος
1085 3573 1256 3639 derivatis-

135 3695 207 3758 que,
230 3672 288 3740 lat.
313 3673 454 3756 cochlea,
478 3698 560 3761 quas
578 3697 675 3743 voces
694 3674 828 3742 Curtius
846 3701 877 3763 p.
889 3677 949 3742 145
973 3678 1100 3764 graecis
1119 3675 1255 3756 κόγχ-ος,

223 3929 243 4000 1)
261 3936 362 3985 Eadem
374 3935 451 3984 radix
468 3937 553 3985 alban.
573 3929 649 4007 ζόρρξ
666 3937 821 4002 „intestina“
839 3938 912 3996 inest,
931 3937 1002 3997 quod
1022 3949 1067 3998 per
1084 3935 1256 3984 assimulatio-

132 4034 193 4068 nem
215 4021 405 4083 progressivam
429 4024 463 4070 ad
485 4021 612 4070 lituanum
635 4021 715 4072 iarah
737 4022 856 4086 proxima
879 4020 990 4080 accedit,
1014 4019 1065 4070 vid.
1089 4021 1219 4070 Cumarda
1243 4021 1256 4070 Ι

132 4121 159 4170 p.
179 4107 229 4154 120
246 4113 300 4155 not.
321 4107 378 4156 148.
