2862 4668
625 324 839 390 -72-.

167 496 202 554 et
225 491 326 558 δύσεα
354 491 486 576 quidem
514 483 669 556 formatio
697 496 863 578 quantum.
884 489 1031 556 iudicare
1052 491 1134 558 licet
1155 489 1295 579 Cyprio·

167 616 240 656 rum
262 595 398 678 propria
420 592 554 678 vulgari
576 593 669 667 δύσις
692 593 882 674 „latebrae“
906 593 1091 680 respondet,
1121 617 1189 680 qua
1209 616 1297 660 voce

169 693 284 780 Cyprii
313 695 399 760 muri
429 714 584 759 coronam
605 695 695 760 haud
717 697 829 782 inepte
852 695 1091 782 significarunt.
1125 697 1295 762 Nomina-

167 798 275 862 tivum
297 796 381 881 plur.
407 797 434 859 3.
458 795 538 860 decl.
560 801 666 861 neutr.
690 819 706 862 ε
724 803 764 880 -Ι-
781 821 802 862 α
824 799 950 883 pariter
972 802 1074 882 atque
1095 799 1131 862 in
1153 800 1296 884 antiqua

167 897 293 962 Doride
321 896 413 980 (Ahr.
437 900 498 965 232
522 901 582 984 sq.)
612 901 871 965 contractionem
899 923 966 966 non
993 901 1067 986 pati
1093 901 1162 964 iam
1190 922 1298 986 supra
1414 921 1415 980 ἦ

169 1021 193 1065 s.
223 999 310 1064 toea
331 1004 374 1086 (p.
399 1002 451 1084 52)
479 999 633 1066 diximus.
675 1001 726 1067 De
756 1025 776 1066 v
807 1007 919 1066 autem
950 1003 1077 1088 ambigi
1106 1025 1172 1068 non
1202 1001 1299 1080 licet,

169 1104 208 1168 cf.
228 1123 317 1188 cypr.
335 1099 474 1168 tacu-tv
493 1101 577 1188 (cod.
595 1102 721 1182 ἕναυον,
741 1125 800 1168 em.
816 1103 975 1170 Schmidt
993 1104 1080 1193 Phil.
1091 1103 1185 1186 XIV,
1200 1103 1296 1188 205)-

168 1203 280 1284 ἔνθεςς
302 1206 383 1268 item
405 1225 558 1290 neocypr.
581 1204 725 1270 ἐν-τύνω.
747 1243 790 1254 -

177 1355 181 1358 -
251 1307 355 1372 Vides
371 1309 491 1392 igitur,
515 1312 676 1392 quantum
694 1327 735 1374 ex
754 1307 806 1373 his
834 1308 957 1395 glossis
983 1306 1196 1394 perpauculis
1219 1327 1296 1374 eou-
1413 1351 1415 1388 ÷

169 1407 322 1490 cluditur,
344 1415 518 1496 vetustam
537 1432 560 1480 u
577 1409 736 1490 vocalem
757 1412 898 1494 'quaein
918 1433 936 1476 o
954 1409 1149 1496 plerumque
1170 1411 1296 1496 corripi
1414 1455 1415 1464 .

169 1511 263 1591 solet,
287 1512 465 1596 aliquoties
487 1513 563 1586 inv
585 1533 658 1578 esse
680 1516 910 1589 extenuatam:
942 1533 1028 1602 quae
1048 1512 1217 1580 sententia
1237 1535 1296 1580 uo·
1414 1565 1415 1574 ἶ

168 1613 256 1707 uicis
278 1613 420 1706 dialecto
445 1616 568 1700 optime
590 1613 728 1680 fulcitur
750 1619 851 1699 atque
874 1614 1103 1680 communitur.
1121 1649 1164 1662 —-

575 1873 881 1892 ,........-.-.......-......?

436 2052 438 2056 ’
559 2071 900 2160 §armum

177 2193 183 2306 ἶ
254 2177 437 2312 l³ostquam
460 2225 500 2292 de
517 2232 625 2290 veto
648 2209 892 2313 permutatione
915 2224 1045 2291 abunde
1068 2225 1298 2308 dissentimus,

170 2328 393 2419 quaerendum
421 2333 473 2393 est
503 2351 582 2392 num
603 2351 623 2392 v
651 2331 753 2396 etiam
779 2330 815 2392 m
842 2327 983 2392 alteram
1010 2352 1028 2392 o
1055 2327 1205 2394 vocalem
1226 2327 1298 2394 lun·
1413 2373 1415 2408 ,

170 2453 247 2515 gam
268 2433 431 2497 transitus
445 2432 600 2516 ,permitti
621 2430 732 2512 liceat,
755 2431 809 2496 cui
835 2435 869 2496 et
891 2428 1094 2496 Schmidtius
1115 2431 1152 2494 in
1172 2429 1298 2496 Philol.
1414 2433 1415 2436 ’

169 2532 244 2612 XV,
259 2535 320 2596 349
336 2532 378 2596 al.
403 2537 436 2596 et
453 2532 660 2598 Sakellarios
681 2535 747 2598 σελ.
762 2531 809 2598 λε’
824 2530 1009 2618 indulgent.
1038 2531 1131 2598 Haec
1150 2533 1298 2599 mutatio

79 2714 82 2722 Ι
169 2635 244 2719 ipsa
265 2655 325 2720 per
343 2656 378 2698 se
396 2657 463 2700 non
479 2634 583 2709 habet
596 2656 752 2721 magnam
769 2633 1056 2720 probabilitatem,
1079 2633 1198 2698 deinde
1215 2655 1298 2699 vero

169 2757 209 2800 ne
232 2759 335 2801 unum
357 2733 490 2822 quidem
508 2737 884 2823 exemplumsuperstes
906 2739 967 2816 est,
999 2734 1086 2820 quod
1109 2737 1299 2802 sententiae

169 2837 221 2902 illi
239 2838 337 2904 fidem
358 2841 472 2904 faciat.
515 2838 649 2907 Etenim
670 2837 878 2904 Sakellarios
901 2837 945 2924 gl.
970 2834 1156 2924 ἆρμώατος·
1188 2855 1299 2906 σπασ-

169 2941 240 3023 μός
264 2948 301 3006 K.
328 2941 484 3028 producit
505 2969 548 2998 =
571 2937 775 3028 ὂρ-μυ-ατοςῑ
804 2963 903 3025 quam
928 2941 1106 3012 verborum
1132 2937 1304 3025 conglutit

169 3046 337 3115 nationem
363 3046 435 3110 veri
461 3043 680 3108 similitudine
707 3043 840 3128 penitus
864 3063 983 3122 carere,
1010 3043 1076 3108 imo
1103 3062 1174 3106 rem
1195 3041 1299 3126 longe

170 3165 264 3220 secus
287 3167 359 3216 sese
381 3147 504 3214 habere
526 3171 557 3232 p.
580 3147 620 3210 41
645 3145 953 3221 demonstravimus.

181 3287 184 3323 ς
257 3243 393 3311 Ceterae
408 3270 486 3312 vero
501 3248 643 3334 glossae,
663 3269 744 3331 quas
759 3245 963 3312 Schmidtius
973 3243 1105 3330 Cypriis
1118 3245 1190 3308 sine
1201 3267 1300 3308 mora

169 3350 320 3433 imponit,
349 3351 390 3414 ab
413 3350 581 3433 Hesychio
609 3371 650 3412 ne
679 3348 913 3422 adscribuntur
936 3347 1068 3432 quidem
1089 3346 1159 3410 illis
1180 3347 1299 3430 itaque

171 3453 323 3516 omnibus
350 3453 522 3537 inquibus
542 3453 728 3516 consistant
750 3449 975 3514 fundamentis
999 3450 1088 3514 veris
1114 3469 1153 3512 ac
1177 3447 1297 3513 solidis

170 3573 295 3634 vacuae
319 3558 406 3619 suut.
449 3551 501 3618 Ac
522 3555 665 3640 primum
693 3552 825 3638 quidem
852 3551 998 3638 γορόμ
1023 3550 1178 3636 κυρτός,
1206 3549 1299 3634 quod

170 3655 329 3722 Schmidt.
352 3657 403 3722 Zt.
425 3655 447 3720 l.
472 3678 497 3726 c,
516 3657 578 3726 356
600 3654 704 3742 γωρός
727 3657 798 3720 sine
821 3675 939 3720 caussa
962 3653 1110 3738 corrigit,
1133 3651 1299 3716 eiusmodi

170 3758 299 3822 medela
321 3760 455 3823 minime
477 3756 627 3844 indigere
648 3777 750 3842 supra
773 3781 803 3843 p.
828 3757 869 3820 56
892 3757 1102 3820 asseruimus.

183 3849 186 3857 ’
254 3858 382 3926 Deinde
405 3861 540 3946 ἕρωκε·
564 3859 700 3936 notos,
725 3880 788 3942 quo
813 3857 852 3921 de
874 3861 987 3922 utrum
1004 3855 1097 3943 ἔρυκε
1121 3858 1163 3938 (v.
1181 3854 1296 3920 Pears.

169 3947 256 4030 Adv.
283 3963 360 4028 Hes.
387 3987 418 4048 p.
442 3963 517 4048 324)
546 3963 616 4026 sive
643 3959 737 4044 ἔρυκε
764 3959 818 4045 (ε,
845 3957 952 4046 ἔρυκε)
982 3953 1226 4024 resarciendum
1252 3947 1294 4020 an

172 4063 313 4128 dialecto
341 4065 451 4128 nescio
482 4065 535 4128 oui
560 4087 620 4149 pro
650 4061 743 4147 ἔρυκε
769 4059 1000 4148 imputandum
1023 4061 1076 4142 sit,
1093 4064 1188 4126 certo
1213 4057 1305 4124 diiur
