2862 4668
640 332 850 394 ...10...

334 497 402 562 iam
429 498 463 562 in
491 498 684 565 collectione
713 501 893 564 carminum
914 499 1123 586 popularium
1146 497 1311 565 Graeciae

335 602 528 666 recentioris
546 601 753 668 Passoviana
771 601 936 687 leguntur,
958 602 1047 668 haud
1064 604 1179 688 paucis
1194 607 1310 666 tamen

334 704 437 767 variis
452 703 650 770 lectionibus
667 706 914 790 scripturaeque
929 703 1170 791 discrepantiis,
1189 703 1310 768 deinde

334 810 475 887 Δίστιχα
493 805 640 892 ἐρωτικά,
654 812 894 892 ναναρίσματα,
913 815 1058 889 παίγνια,
1075 808 1309 892 καθαρογλωσ-

336 905 477 994 σήματα,
508 913 700 996 παροιμίας,
728 907 913 989 αἰνίγματα,
948 909 1149 994 παραμύθια
1179 907 1309 994 publici

334 1009 414 1073 fecit
444 1011 536 1090 iuris,
570 1013 688 1094 quibus
722 1012 873 1076 omnibus
904 1010 1097 1096 hodiernam
1128 1010 1308 1074 dialectum

334 1113 583 1178 accuratissime
613 1114 841 1198 cognoscimus
865 1118 898 1178 et
916 1135 993 1200 ¹eam
1016 1111 1147 1196 quidem
1167 1133 1244 1178 vere
1268 1133 1307 1176 ac

335 1214 420 1277 serio
457 1236 610 1300 graecam
641 1216 662 1278 i.
694 1237 720 1278 e.
747 1216 821 1300 ipsa
853 1237 870 1279 e
900 1220 1012 1280 vetere
1043 1214 1159 1300 lingua
1191 1220 1306 1292 natam

334 1318 501 1384 extraneis
528 1339 627 1402 parce
654 1323 688 1382 et
713 1317 841 1382 modice
873 1317 1045 1395 admixtis;
1076 1321 1148 1381 tum
1180 1316 1305 1402 glossa-

333 1417 420 1481 rium
446 1417 581 1500 adiecit,
612 1422 671 1486 ubi
692 1441 789 1486 voces
812 1421 1007 1504 neocyprias
1031 1417 1235 1484 difficiliores
1263 1457 1306 1464 —

334 1540 510 1604 earumque
533 1524 628 1608 copia
655 1529 706 1586 est
731 1523 813 1586 satis
841 1543 1016 1586 numerosa
1043 1520 1248 1585 ——enodare
1272 1525 1306 1584 ct

334 1621 513 1706 explanare
536 1623 664 1689 studuit
686 1625 867 1710 propositis
889 1628 1001 1686 tamen
1021 1623 1214 1708 saepissime
1237 1625 1306 1704 ety.

331 1723 487 1810 mologiis
512 1727 635 1810 partim
661 1727 760 1790 nimis
790 1727 913 1790 coactis
936 1726 1059 1810 partim
1082 1725 1177 1790 vanis
1200 1745 1307 1807 neque

331 1824 452 1908 plausu
490 1826 666 1892 admodum
701 1827 820 1914 dignis.
873 1827 1024 1911 Namque
1062 1847 1135 1892 cum
1174 1825 1307 1890 easdem

332 1927 521 1992 litterarum
548 1931 749 1994 mutationes
776 1931 937 2014 permiras
966 1951 1072 2012 neque
1096 1933 1217 2013 suapte
1237 1928 1307 2011 qui-

333 2028 407 2094 dem
423 2036 544 2095 natura
563 2034 645 2096 satis
668 2031 851 2113 credibiles
871 2054 952 2117 quas
970 2053 1071 2117 supra
1084 2032 1179 2096 verbi
1192 2030 1307 2116 gratia

333 2135 669 2215 commemoravimus,
692 2136 844 2200 noviciae
867 2134 1010 2198 dialecto
1034 2137 1149 2197 contra
1171 2133 1223 2196 ius
1241 2132 1307 2194 fas·

334 2257 395 2318 que
419 2238 609 2316 obtruserit,
633 2237 731 2301 facile
749 2237 958 2322 intellegitur
976 2235 1162 2299 necessario
1182 2238 1307 2317 etymo-

331 2336 441 2423 logias
456 2361 476 2402 a
489 2361 568 2404 vero
588 2361 821 2424 saepenumero
838 2341 971 2425 penitus
990 2339 1154 2404 aberrare.
1187 2335 1307 2418 Itaque

333 2441 415 2504 satis
434 2441 540 2505 multa
558 2443 593 2504 in
611 2463 770 2526 suspenso
789 2445 888 2524 atque
907 2442 1045 2505 obscuro
1064 2439 1305 2522 relinquuntur,

333 2562 471 2624 quorum
490 2542 557 2606 alia
576 2548 738 2627 quatenus
758 2541 805 2606 ad
822 2547 972 2607 nostrum
987 2542 1193 2626 propositum
1216 2559 1306 2625 spec·

330 2647 414 2723 tant,
442 2645 613 2709 enucleare
641 2651 674 2709 et
700 2646 888 2730 patefacere
912 2667 1010 2728 quam
1032 2643 1146 2708 sedulo
1175 2641 1306 2706 conabi-

331 2767 412 2825 mur,
436 2745 504 2810 alia
528 2746 594 2812 alio
619 2749 648 2811 si
664 2747 756 2811 Deus
779 2747 871 2812 volet
893 2751 1041 2832 tempore
1065 2744 1107 2809 ad
1130 2746 1306 2810 obrussam

333 2848 465 2933 exigere
487 2850 523 2912 in
545 2851 654 2914 animo
677 2847 759 2914 mihi
782 2853 842 2913 est.

262 2947 318 3012 Ad
343 2955 546 3035 postremum
572 2957 784 3018 monumenta
818 2951 954 3014 dialecti
981 2947 1124 3035 Cypriae
1155 2947 1304 3016 mediae

179 3053 330 3116 aetatis
355 3056 576 3139 comportavit
947 3133 952 3142 ,

177 3151 259 3216 Mas
286 3153 421 3218 Latrie
448 3157 616 3237 „Histoire
644 3157 683 3220 de
709 3156 777 3220 l'ue
805 3155 845 3219 de
874 3153 1005 3239 Ohypre
1032 3173 1109 3216 sous
1140 3151 1172 3214 le
1203 3150 1303 3234 regne

331 3254 388 3320 des
414 3260 544 3342 princes
572 3258 612 3322 de
644 3258 678 3322 la
704 3260 833 3321 maison
860 3256 908 3320 de·
926 3256 1131 3341 Lusignan“,
1162 3251 1227 3318 vol.
1249 3249 1304 3314 HI

331 3358 439 3442 (Paris
464 3361 558 3441 1855)
584 3359 658 3424 coll.
682 3359 846 3424 Sakellar.
870 3359 891 3421 1.
914 3359 935 3422 l.
958 3358 1021 3437 III,
1047 3359 1108 3420 174
1131 3377 1200 3439 sqq.

263 3458 546 3534 Quemadmodum
563 3483 642 3526 vero
661 3463 696 3524 in
713 3465 825 3526 vetere
843 3460 959 3545 lingua
977 3459 1123 3544 reliquas
1142 3458 1303 3522 dialectos

178 3583 328 3647 graecas,
360 3563 536 3648 praecipue
564 3569 723 3648 cognatas
750 3565 785 3626 in
814 3563 1056 3627 contentionem
1086 3582 1242 3626 vocamus
1270 3564 1305 3622 et

178 3664 351 3750 analogias
380 3666 421 3730 ab
449 3667 491 3728 iis
520 3663 697 3750 diligenter
725 3666 820 3750 quasi
842 3669 1039 3744 mutuamur,
1067 3666 1114 3728 sic
1137 3665 1238 3726 etiam
1261 3661 1305 3724 ad

176 3767 413 3830 illustrandum
432 3788 614 3831 sermonem
631 3769 845 3854 neooyprium
864 3766 998 3830 dialecti
1016 3787 1218 3852 neograecae
1236 3786 1304 3828 non

178 3873 255 3932 sunt
277 3867 516 3954 neglegendae:
540 3870 653 3954 itaque
670 3875 709 3934 ut
731 3869 771 3934 de
788 3869 955 3954 Ducangii
979 3869 1150 3934 Glossario
1174 3865 1304 3930 mediae

178 3975 212 4033 et
250 3971 381 4035 infimae
418 3971 621 4037 Graecitatis
662 3977 761 4057 atque
798 3969 915 4036 Coraci
949 3970 1083 4036 Atactis
1123 3976 1305 4048 taceamus,

177 4094 289 4136 curam
320 4097 426 4138 meam
459 4074 741 4160 diligentiamque,
774 4097 907 4161 operam
939 4073 1161 4157 studiumque,
1194 4070 1304 4156 quoad
