2862 4668
576 351 786 418 -61'-

112 527 191 590 liari
220 547 293 590 cum
325 525 458 587 notione
489 527 594 603 „hacc
622 546 655 586 τι
685 522 743 586 ἐπὶ
769 522 886 604 λύχνον
917 525 970 588 ἵνα
999 530 1162 611 μανρίσῃιι
1194 529 1238 606 (v.

113 627 241 694 Sakell.
265 628 356 709 334):
381 627 472 690 cuius
495 625 640 710 vestigia
663 645 735 688 cum
757 625 792 687 in
813 629 925 690 vetere
948 646 1096 690 sermone
1114 629 1185 690 tum
1203 627 1237 689 in

113 730 252 815 reliquis
282 729 502 793 recentiorum
525 725 727 791 Graecorum
754 725 906 790 dialectis
935 725 1173 792 desiderantur.
1196 767 1238 776 -—

199 830 383 915 μολορός·
406 828 602 916 λυπηρός,
626 824 760 916 ἀηδής.

202 930 286 997 Coll.
317 932 362 1018 gl.
388 930 553 1015 μωλνρὸν·
579 930 722 1015 νωθράν,
750 930 856 1015 βραδύ
879 931 950 996 veri
978 935 1029 994 est
1052 932 1159 996 simile
1180 955 1238 1014 μο-

117 1034 213 1120 λορός
236 1055 276 1098 ex
300 1033 482 1118 originaria
505 1032 626 1098 codicis
651 1033 815 1118 scriptura
837 1039 1053 1099 MOAOPO(
1084 1033 1238 1099 mendose

117 1158 189 1202 esse
211 1136 373 1200 tralatum
394 1157 454 1221 pro
472 1134 645 1219 μονλορός,
670 1132 756 1218 qnod
775 1132 933 1198 Schmidt.
957 1135 1166 1201 scribendum
1181 1158 1238 1202 vo-

116 1240 190 1304 luit.
235 1236 375 1302 Constat
397 1239 484 1300 enim
508 1235 535 1301 Ο
558 1239 593 1299 in
616 1238 754 1320 antiqua
781 1236 972 1301 litteratura
993 1261 1058 1302 non
1081 1262 1100 1303 o
1123 1239 1238 1320 solum,

116 1363 232 1407 verum
259 1342 360 1404 etiam
386 1339 473 1404 idem
502 1338 588 1422 quod
620 1365 644 1402 ω
676 1344 710 1402 et
732 1362 770 1402 ον
792 1339 911 1404 valere.
955 1338 1033 1404 Jam
1062 1363 1139 1406 vero
1167 1363 1240 1406 cum

118 1442 233 1530 Cyprii
260 1464 362 1527 aeque
393 1463 431 1506 ac
453 1441 606 1506 Thessali
627 1445 795 1506 vetustum
819 1468 843 1505 ω
866 1443 901 1506 in
924 1465 961 1506 oc
981 1443 1239 1526 immutaverint,

118 1546 246 1630 ambigi
266 1546 413 1630 profecto
429 1567 495 1608 non
513 1543 593 1607 licet
615 1545 694 1627 quin
711 1544 874 1630 μονλορός
896 1542 1092 1630 Cypriorum
1114 1547 1159 1610 sit
1180 1569 1239 1632 pro

117 1647 276 1731 μωλνρός.
320 1647 406 1711 Item
428 1646 575 1732 glossam
597 1646 711 1732 paullo
733 1651 811 1732 post
833 1652 1023 1732 sequentem
1044 1647 1189 1734 μολνρόν
1207 1651 1241 1712 in

117 1749 282 1836 μονλνρόν
310 1749 473 1835 (μωλνρόν
495 1748 666 1829 Schmidt.)
694 1751 850 1813 mutarim
872 1750 1106 1834 Thessalisque
1132 1750 1241 1815 vindi-

119 1855 229 1918 carim.
256 1851 366 1916 Radix
377 1855 428 1916 est
437 1851 513 1933 mal,
527 1850 613 1916 unde
627 1853 743 1933 μώλνς,
760 1852 817 1916 lat.
828 1853 948 1933 mollis,
965 1852 1006 1916 al.
1017 1850 1108 1918 Curt.
1118 1856 1189 1919 304.
1200 1893 1241 1901 —

206 1956 357 2020 σκολλέ·
392 1954 586 2037 σκνμμόν,
624 1975 707 2038 quae
727 1955 857 2040 -glossa
888 1957 1039 2039 quamvis
1069 1958 1241 2042 perspicue

122 2063 276 2143 corrupta
298 2055 494 2144 Cypriorum
515 2078 638 2121 morem
661 2081 679 2120 ν
703 2059 748 2138 (ιι)
771 2059 806 2120 in
829 2081 846 2120 o
869 2057 1021 2121 mutandi
1042 2059 1077 2121 in
1099 2065 1242 2122 mentem

123 2164 265 2223 revocat.
289 2157 444 2223 Schmidt.
472 2157 714 2224 restituendum
743 2165 854 2224 censet
877 2160 1007 2226 σκόλλε·
1040 2160 1173 2226 σκύλλει
1206 2167 1242 2226 at

124 2261 205 2325 mihi
227 2266 338 2325 tamen
361 2267 474 2327 contra
498 2262 647 2343 σκνμμόν
671 2263 941 2348 (ΣΚΥΜΜΟΝ),
965 2261 1052 2346 quod
1074 2263 1159 2326 nihil
1182 2269 1241 2346 est,

119 2367 232 2450 potius
256 2367 412 2430 vitiosum
427 2363 559 2429 videtur
580 2387 640 2451 pro
665 2364 809 2445 σκνλμόν
827 2364 1096 2452 (ΣΚΥΛΜΟΝ);
1118 2367 1154 2429 in
1168 2367 1243 2452 ipsa

118 2473 229 2532 autem
250 2467 364 2554 glossa
390 2466 477 2531 latet
506 2467 633 2549 σκόλμα
657 2488 745 2552 cypr.
767 2495 810 2522 =
833 2466 959 2550 σκὺλμα
982 2469 1167 2549 „laniatns“
1190 2471 1242 2553 (cf.

118 2570 256 2636 Anthol.
282 2570 392 2634 Palat.
415 2569 456 2650 V,
489 2573 560 2650 248,
583 2571 627 2655 4),
660 2571 713 2634 cui
744 2569 909 2656 glossema
943 2571 1087 2652 σκνλμόν
1119 2573 1241 2658 optime

121 2675 281 2759 congruit
314 2673 366 2738 De
384 2671 495 2736 radice
514 2673 553 2735 cf.
570 2670 660 2736 Curt.
685 2674 761 2751 1603
785 2671 825 2737 de
847 2695 869 2737 u
887 2677 1019 2738 vetusto
1038 2694 1101 2737 rec.
1119 2676 1240 2753 σκονλί,

121 2776 256 2841 σκονλιά
277 2775 398 2856 „colus
420 2775 543 2838 Ηιιιιιιίιι
567 2777 609 2856 (v.
632 2775 724 2838 Pass
747 2774 841 2856 Ind.),
872 2776 980 2842 alban.
1005 2777 1113 2860 mecolj
1137 2778 1243 2858 „avel-

120 2879 217 2960 lere“,
242 2900 330 2964 cypr.
355 2879 506 2943 σκουλλίν
529 2878 733 2959 ,,κομμάνιον
755 2879 923 2962 λιναρίον“
948 2877 1040 2961 (sak.
1064 2880 1148 2961 387).
1183 2879 1243 2943 lis-

121 2981 196 3046 dem
224 2979 355 3067 Cypriis
387 2982 524 3046 verbum
558 2981 732 3056 excellcre
764 2979 975 3061 „obvolvere,
1007 2982 1243 3065 integumentis

120 3083 311 3149 involvere“
340 3085 376 3146 in
401 3104 464 3148 usu
492 3087 552 3162 est,
581 3081 668 3167 quod
694 3105 772 3146 num
799 3081 945 3147 indidem
966 3087 1167 3169 prognatum
1190 3085 1243 3164 sit,

118 3185 277 3251 hocloco
300 3187 335 3249 in
357 3184 464 3249 medio
487 3184 720 3269 relinquamus.
744 3225 785 3232 -

209 3288 418 3373 σμογερόν·
445 3287 624 3374 σκληρόν.
654 3287 884 3371 ἐπίβουλον,
906 3289 1115 3377 μοχθηρόν

119 3421 164 3448 =
182 3390 345 3477 σμνγερόν
363 3392 469 3455 forma
486 3391 618 3474 poetica
637 3389 758 3471 (Schol.
776 3388 888 3476 Apoll.
907 3390 1012 3455 Rhod.
1027 3391 1072 3472 II,
1092 3394 1180 3475 374):
1204 3391 1244 3455 de

123 3493 253 3560 librarii
271 3514 380 3558 errore
398 3493 555 3557 Thesaur.
570 3492 647 3573 VH,
666 3495 727 3556 496
745 3515 862 3578 parum
877 3495 960 3558 scite
980 3494 1115 3579 cogitat.
1148 3495 1246 3558 Hanc

124 3593 270 3680 glossam
287 3595 490 3661 Schmidtius
512 3595 616 3660 Euclo
638 3599 756 3680 poetae
774 3595 1026 3682 impertiendam
1049 3601 1169 3678 censet,
1193 3597 1245 3661 cui

124 3717 182 3760 cur
201 3699 406 3785 refragamur
423 3722 490 3764 non
508 3699 604 3765 adest
619 3719 744 3763 caussa.
780 3697 863 3763 Rad.
880 3699 984 3780 smak,
1002 3699 1098 3762 Fick.
1112 3701 1185 3762 416.
1203 3731 1245 3746 -·—

206 3801 343 3878 τόλνξ·
367 3801 522 3868 αἰδοῖον
546 3802 748 3870 Schmidtius
770 3801 890 3865 Philol.
912 3801 1004 3882 XIV,
1029 3803 1090 3865 206
1114 3799 1245 3887 Cypriis

121 3905 306 3968 rectissime
338 3903 531 3986 vindicavit,
563 3928 662 3990 quam
693 3906 892 3969 sententiam
918 3905 953 3967 in
982 3903 1031 3967 ed.
1058 3904 1136 3968 Hes.
1167 3905 1245 3968 min.

122 4007 285 4071 abiecisse
307 4007 455 4073 videtur:
477 4008 575 4084 νόλνξ
590 4032 649 4094 pro
665 4008 755 4094 vulg.
777 4007 872 4082 τύλος
896 4008 948 4089 (cf.
970 4007 1047 4071 Hes.
1070 4006 1184 4071 νύλον·
1206 4007 1244 4071 τὸ

122 4107 253 4175 αἰδοῖον
283 4109 366 4177 Lob.
399 4109 523 4175 Parall.
552 4113 625 4196 127)
659 4133 676 4174 e
707 4109 850 4175 dialecto
881 4106 1094 4196 Cypriorum,
1126 4109 1245 4194 quibus
