2862 4668
584 357 795 418 ..41-

119 521 201 692 grid.
225 523 275 602 22,
301 523 340 586 18
364 520 669 607 deprehenduntur,
691 553 734 582 =
756 529 821 590 vet.
845 520 1037 610 ὀρφανειῖω,
1068 497 1138 587 rad.
1162 523 1246 588 arbh

147 625 343 707 11162711)
372 663 413 674 -

543 851 614 929 64.
647 854 755 934 Apro
783 853 819 914 Y.

208 1002 284 1066 Hes.
309 999 548 1088 ἃρμώατος·
573 1001 771 1084 σπασμός.
797 1010 832 1068 Κ.

207 1103 248 1170 ad
277 1105 414 1170 verbum
444 1105 531 1188 σύρω
559 1103 765 1170 referendum
792 1106 874 1172 mihi
896 1104 1108 1185 videturita,
1131 1109 1169 1170 ut
1191 1100 1245 1190 ἀρ-

120 1207 250 1289 amasos
273 1206 328 1274 vcl
349 1209 461 1294 potius
485 1203 671 1292 ἆρ-μώατος
695 1210 727 1291 (ξ
751 1209 803 1290 30)
828 1206 981 1274 adhibita
1002 1207 1163 1292 peculiari
1181 1203 1246 1290 Oy·

118 1311 267 1396 priorum
277 1311 512 1376 terminatione
525 1308 613 1374 idem
629 1310 674 1373 sit
688 1308 775 1394 quod
789 1310 940 1395 συρ-μόςε
958 1310 1054 1376 radix
1068 1307 1246 1374 statuenda

112 1417 172 1478 est
201 1415 296 1498 ufap
326 1435 398 1478 oum
433 1412 622 1500 significatu
652 1410 805 1476 trahendi
845 1412 934 1495 (Hes.
967 1411 1090 1496 σύρων·
1123 1408 1245 1492 ἕλκων),

118 1514 207 1580 unde
235 1537 324 1602 cypr.
354 1512 395 1600 ἂρ
423 1517 443 1580 i.
468 1538 493 1580 e.
518 1533 582 1600 σαρ
615 1518 649 1578 et
675 1512 765 1599 vulg.
789 1513 877 1600 σύρω
901 1518 1067 1600 (neocypr.
1092 1512 1245 1594 σουρώνω

117 1619 215 1684 iuxta
239 1617 338 1704 σύρω,
359 1617 540 1703 Myrianth.
564 1616 697 1680 Philist.
719 1615 778 1695 IV,
798 1617 873 1697 436)
896 1621 977 1680 nata
999 1621 1085 1682 sunt.
1120 1614 1246 1680 Eadem

117 1719 215 1786 radix
238 1722 273 1784 in
296 1721 385 1806 σΓερ
415 1719 564 1785 emollita
594 1740 664 1784 voc.
693 1717 776 1802 ἐρύω
806 1748 850 1776 --·
872 1719 1046 1804 *efen-ou
1078 1721 1174 1799 inest,
1206 1719 1245 1782 cf.

119 1823 229 1890 alban.
254 1829 356 1908 σέρμε
383 1821 493 1904 „filum
516 1826 661 1886 tortum“
684 1819 847 1904 (Gamard.
870 1821 896 1904 Ι,
921 1823 1006 1904 159),
1034 1824 1134 1886 etiam
1165 1824 1245 1906 ζβαρ

118 1926 139 1988 1.
164 1947 190 1990 e.
214 1927 308 2010 ofap
331 1955 374 1982 =
397 1923 495 2010 σύρω,
520 1925 558 1988 cf.
581 1923 689 1990 Hahn.
713 1923 776 1992 lex.
801 1946 825 1990 s.
849 1949 879 1990 v.

206 2026 316 2092 Aliter
346 2026 553 2093 Sakellarios
590 2025 737 2112 glossam
774 2032 920 2094 nostram
954 2050 971 2091 e
1009 2026 1249 2122 compositione

123 2129 296 2194 verborum
322 2125 392 2215 ἅρω
420 2133 454 2193 et
479 2132 541 2208 μῦς
571 2124 789 2214 (cippo-avoc)
818 2130 987 2196 illustrare
1015 2129 1135 2209 studet,
1163 2149 1247 2212 quac

54 2281 57 2287 .
126 2223 297 2310 sententia,
318 2235 356 2296 ut
373 2229 413 2295 de
431 2231 566 2296 notione
588 2235 765 2313 taceamne,
788 2237 924 2318 propter
945 2234 1052 2318 ipsam
1075 2252 1247 2317 coagmen·

123 2335 260 2400 tationis
287 2334 428 2420 speciem
456 2337 490 2398 et
517 2350 548 2398 ν’
562 2333 696 2399 litterae
723 2334 758 2398 in
786 2361 810 2398 ω
839 2334 1101 2399 immutationem
1128 2355 1149 2398 a
1179 2332 1247 2398 dia-

119 2436 207 2502 lecto
230 2441 345 2502 nostra
367 2459 503 2522 prorsus
526 2435 670 2500 alienam
693 2439 725 2519 (§
749 2439 780 2518 7)
803 2458 920 2522 parum
942 2435 1044 2502 habet
1065 2435 1246 2522 probabili-

119 2540 213 2620 tatis,
235 2539 300 2604 imo
324 2561 402 2604 vero
426 2538 468 2603 ad
490 2538 632 2604 nihilum
655 2543 768 2625 aperte
790 2537 919 2602 recidit.
943 2577 984 2586 —

205 2642 281 2706 Jam
313 2665 391 2706 vero
423 2640 511 2726 quod
543 2640 585 2706 ad
613 2641 778 2708 vocalium
807 2643 1084 2727 permutationem
1116 2643 1247 2722 attinet,

123 2745 276 2810 similiter
307 2743 395 2830 apud
426 2744 503 2808 Hes.
535 2743 639 2810 habes
670 2745 785 2818 θυλλίς
817 2749 850 2809 et
880 2746 1007 2821 θαλλίς,
1038 2747 1139 2810 etiam
1166 2744 1246 2810 aaa·

121 2847 207 2912 λικατ
230 2844 586 2912 radamantus.
611 2843 763 2930 ἀγαρρίς·
788 2842 944 2930 ἄθροισις
966 2851 1000 2910 et
1023 2843 1148 2932 ἄγυρις·
1173 2845 1246 2912 σύν-

122 2952 217 3025 οδος,
247 2948 424 3032 συναγωγή.
469 2948 647 3012 Praeterea
676 2950 714 3012 cf.
744 2948 894 3032 σπάρτον
924 2953 1077 3036 „sporta“
1108 2953 1142 3013 et
1165 2967 1246 3014 σπυ-

8 3089 14 3100 ·
121 3050 274 3134 ρίς,111(1.
299 3071 401 3136 σπαρ.
425 3051 582 3115 notandam
612 3054 646 3114 et
668 3052 832 3127 κυλυυδέω,
861 3050 931 3116 rad.
954 3053 1023 3116 καλ.
1049 3050 1191 3133 σάλπιγξ
1214 3055 1247 3116 et

122 3158 251 3236 σῦριγξ,
279 3154 348 3220 rad.
377 3177 455 3220 svar
482 3157 647 3234 ‚‚s0nare“.
675 3155 784 3218 boeot.
814 3153 900 3238 βανά
922 3184 965 3210 --
987 3159 1047 3220 att,
1070 3154 1147 3241 γυνή
1174 3155 1195 3218 1.
1220 3177 1246 3218 e.

120 3257 246 3336 γῈανα,
278 3259 317 3322 cf.
346 3256 437 3322 Ourt.
464 3258 527 3320 666
556 3277 625 3340 sqq.
669 3254 827 3320 Eiusdem
858 3256 1043 3322 affectionis
1072 3257 1247 3344 analogiae

120 3359 156 3422 in
173 3357 290 3446 lingua
306 3359 515 3426 Albanorum
531 3358 664 3424 obviam
681 3356 774 3438 fiunt,
796 3358 882 3424 unde
905 3360 1056 3446 exempla
1079 3361 1247 3446 congessit

123 3458 286 3527 Camarda
307 3463 334 3543 Ι,
365 3465 405 3529 39
429 3485 486 3547 sq.²
518 3463 597 3526 item
629 3462 664 3524 in
697 3462 860 3525 novicia
892 3461 1128 3548 Cypriorum
1160 3460 1246 3554 dia·¹

123 3562 232 3630 lecto
252 3561 485 3652 ἀναφαντάρης
502 3594 545 3620 =
563 3569 627 3629 vet.
647 3559 847 3650 ἀν-υφαντής
866 3567 908 3630 ab
926 3561 1054 3649 ὑφαίνω
1074 3565 1246 3644 deflexum,

121 3665 191 3730 rad.
213 3666 311 3732 vabh.
336 3667 494 3749 σκάμμαν
516 3687 653 3752 „spuma
684 3667 847 3750 saponis‘,
880 3667 967 3752 quod
989 3666 1115 3732 Sakell.
1134 3690 1164 3752 p.
1183 3666 1245 3731 385

120 3768 310 3834 mirabilem
336 3771 371 3832 in
399 3767 532 3832 modum
560 3791 580 3832 a
602 3767 671 3833 rad.
695 3790 733 3846 av
763 3771 783 3851 (,
805 3755 892 3833 unde
914 3776 1010 3852 κῦμα,
1032 3769 1151 3844 κοῖλος,
1173 3789 1246 3832 καυ-

207 4045 228 4107 1)
247 4045 285 4094 At
307 4053 397 4109 contra
418 4045 505 4094 alban.
518 4035 631 4116 Ἰβάρφςρ
653 4043 744 4111 (tosc.)
762 4048 803 4114 vel
820 4035 920 4116 βὸρφεν
938 4043 1021 4112 (gog.)
1050 4045 1181 4110 digamum
1198 4045 1246 4100 ini-

120 4131 184 4181 tiale
202 4130 326 4192 iudicant,
345 4147 368 4178 v.
389 4131 519 4181 Camarda
537 4131 558 4192 I,
577 4130 617 4179 38.
638 4132 677 4182 91.
