2862 4668
653 317 845 382 ..g-

145 539 148 546 ,
186 511 298 556 rarum
322 489 445 569 ordine,
469 489 561 554 cuius
586 488 901 553 observantissimus
925 488 989 552 fuit
1011 485 1209 570 Hesychius,
1235 484 1343 548 aliis

186 615 265 659 vero
297 595 332 657 in
364 591 509 655 editione
540 590 601 654 illa
632 591 757 654 minore
780 596 814 654 et
835 589 1040 654 restrictiore
1064 611 1238 674 perperam
1270 611 1342 652 ao-

188 697 344 782 ceptis-
359 715 464 776 neque
483 691 518 756 id
536 693 665 772 mirum,
685 714 757 756 cum
772 691 1011 768 Quaestionum
1025 691 1340 776 Hesychianarum

188 795 344 862 editionis
362 795 535 880 amplioris
554 795 716 860 volumini
740 798 858 877 quarto
878 817 897 858 a
916 793 1099 859 Schmidtio
1123 791 1337 858 additarum

186 900 318 985 penitus
350 899 487 983 ignarus
520 898 627 962 sit-
652 895 878 962 diversissima
909 918 1144 983 saepenumero
1172 897 1337 964 misceat

188 1022 226 1064 ac
248 1001 363 1065 turbet
384 999 555 1084 multaque
577 1021 637 1084 pro
661 999 749 1062 veris
773 997 890 1063 doceat
913 1001 1008 1064 falsa.
1052 999 1202 1083 Denique
1234 1021 1334 1064 non-

186 1103 296 1167 nullas
330 1101 461 1186 quidem
493 1102 623 1187 glossas
656 1122 761 1185 usque
794 1100 901 1166 adhuc
932 1099 1065 1167 abditas
1097 1106 1131 1165 ct
1154 1102 1332 1166 obscuras

119 1203 123 1214 '
187 1204 342 1290 detegere
365 1203 494 1269 studuit
516 1203 733 1284 Sakellarios‚
764 1203 857 1268 nullo
880 1209 993 1268 tamen
1015 1203 1112 1268 modo
1135 1204 1329 1288 persuasit.

187 1308 385 1390 Quanquam
416 1305 502 1370 enim
533 1306 568 1368 in
598 1305 799 1391 indagandis
839 1306 1052 1392 etymologiis
1092 1305 1226 1391 linguas
1266 1327 1328 1370 co·

187 1413 308 1496 gnatas
331 1431 397 1472 non
423 1405 631 1492 repudiavit⁷
666 1409 731 1472 imo
759 1406 867 1473 Curtii
897 1408 1081 1472 Elementis
1111 1407 1221 1491 Etym.
1255 1406 1324 1472 Gr.

188 1509 250 1596 (ed.
272 1512 313 1592 I.)
346 1532 405 1574 suo
433 1512 507 1594 jure
537 1532 617 1574 usus
650 1512 782 1574 saniore
812 1511 866 1574 hic
896 1510 969 1574 illic
999 1515 1108 1574 mente
1139 1509 1325 1591 iudicavit,

186 1613 285 1680 valde
308 1610 495 1676 mirandum
520 1615 572 1675 est
587 1610 682 1696 quod
709 1613 813 1678 nihilo
845 1613 953 1698 minus
986 1633 1141 1676 sonorum
1168 1611 1325 1677 affectio-

186 1717 285 1782 nibus
313 1715 435 1779 faverit
458 1735 542 1798 quae
566 1735 678 1778 omnes
709 1713 801 1799 leges
834 1736 873 1778 ac
904 1735 1035 1778 normas
1067 1714 1263 1778 transiliunt
1300 1737 1324 1779 a

187 1817 387 1904 linguaeque
422 1821 543 1880 natura
573 1818 706 1902 penitus
745 1817 932 1882 abhorrent.
986 1814 1184 1893 Quidenim?
1225 1816 1323 1900 quod

187 1922 301 1986 varias
324 1917 492 1983 interdum
515 1918 674 2004 digammi
696 1919 819 1983 nonin
843 1937 864 1982 σ
887 1918 1002 1999 solum,
1025 1941 1140 1984 verum
1158 1919 1261 1982 etiam
1278 1919 1321 1982 in

187 2026 211 2104 ζ,
235 2047 263 2108 ρ,
286 2047 314 2103 ν,
345 2023 448 2096 teta
479 2022 681 2085 mutationes
712 2026 811 2106 prout
841 2020 926 2086 libet
956 2043 1074 2106 parum
1105 2019 1320 2086 considerate

187 2123 310 2190 sumit?
346 2122 433 2208 quod
455 2124 757 2208 permutationibus
779 2123 968 2187 litterarum
993 2142 1013 2187 σ
1037 2128 1070 2187 et
1092 2149 1119 2203 κ,
1144 2129 1166 2207 β
1189 2127 1223 2187 et
1244 2149 1273 2203 κ,
1298 2147 1320 2205 y

189 2233 222 2292 et
244 2233 278 2308 a,
302 2227 378 2291 aliis
401 2225 494 2290 nullo
517 2225 614 2290 modo
639 2226 792 2292 credibili
815 2226 993 2310 aliquoties
1017 2223 1155 2289 annuit?
1184 2225 1318 2302 Quibus
1391 2307 1393 2309 Ι

189 2329 229 2394 de
261 2329 454 2394 commentis
488 2349 528 2391 ex
559 2328 741 2413 praeclaris
773 2328 847 2408 illis
882 2327 1065 2392 Elementis
1104 2327 1242 2392 meliora
1280 2333 1318 2392 et

187 2431 319 2496 veriora
342 2451 540 2514 cognoscere
562 2432 681 2515 potuit.

274 2532 366 2608 Quae
391 2553 464 2596 eum
486 2533 536 2595 ita
559 2553 594 2595 se
616 2532 772 2613 habeant,
795 2534 830 2595 in
853 2533 983 2618 glossas
1003 2530 1153 2618 Cyprias,
1177 2534 1314 2617 quaein

188 2637 297 2699 fronte
327 2633 501 2718 ponendae
532 2635 734 2718 maximique
760 2636 857 2700 nobis
888 2635 1059 2700 faciendae
1088 2641 1174 2716 sunt,
1206 2634 1311 2700 denuo

186 2737 354 2821 inquirere
386 2740 420 2799 et
451 2734 491 2799 de
529 2735 671 2822 singulis
703 2759 859 2802 sonorum
894 2737 1143 2818 affectionibus,
1180 2759 1262 2822 quae
1294 2759 1311 2801 e

188 2839 311 2925 glossis
334 2859 394 2902 nec
416 2861 482 2902 non
504 2838 614 2903 titulis
638 2836 770 2925 Cypriis
794 2841 836 2904 ab
859 2840 1097 2925 interpretibus
1120 2841 1188 2904 fere
1212 2841 1309 2904 omui·

187 2943 249 3006 bus
273 2941 394 3026 injuria
416 2941 548 3026 penitus
572 2942 734 3028 neglectis
759 2942 970 3028 colliguntur,
1003 2943 1190 3006 accuratius
1214 2963 1309 3026 quam

189 3043 297 3108 adhuc
326 3045 452 3107 factum
484 3049 534 3108 est
567 3042 728 3108 disserere
759 3065 880 3128 easque
911 3045 946 3108 in
978 3043 1142 3129 quendam
1165 3043 1310 3108 ordinem

188 3144 337 3230 redigere
370 3145 459 3210 haud
490 3145 670 3211 absurdum
696 3147 778 3210 mihi
800 3147 941 3212 videtur.
987 3146 1083 3222 Quod
1105 3147 1310 3232 propositum

187 3251 228 3311 ut
261 3248 412 3311 omnibus
444 3249 588 3311 numeris
621 3249 834 3313 absolvamus
866 3271 905 3313 ac
935 3249 1156 3335 perficiamus,
1188 3267 1310 3316 recen·

187 3351 324 3418 tiorem
356 3349 577 3434 Cypriorum
608 3352 811 3418 dialectum
843 3356 877 3414 et
907 3351 1056 3414 mediae
1089 3355 1122 3414 et
1153 3356 1309 3415 nostrae

188 3451 310 3515 aetatis
335 3451 370 3512 in
394 3452 638 3514 contentionem
660 3473 814 3516 vocemus
837 3473 970 3516 necesse
993 3459 1053 3517 est.

272 3552 446 3616 Dialeetus
481 3554 568 3616 enim
597 3554 809 3640 Neograeca,
846 3577 944 3639 quam
975 3578 995 3619 a
1026 3555 1137 3620 Slavis
1168 3555 1307 3640 plurima

189 3655 408 3740 assumpsisse
430 3653 680 3740 Fallmerayero
703 3679 789 3721 nunc
810 3656 899 3725 haud
921 3658 1019 3722 facile
1043 3659 1216 3742 quisquam
1238 3676 1305 3720 cou-

189 3758 292 3837 ccdet,
325 3757 467 3849 servatis
499 3757 614 3821 formis
638 3759 876 3823 vetustissimis
900 3764 933 3823 et
955 3760 1195 3845 principalibus
1219 3780 1304 3822 sono·
1404 3797 1405 3802 κ

188 3882 260 3924 rum
292 3858 523 3924 affectionibus
556 3881 597 3923 ex
627 3862 701 3946 ipsa
728 3867 839 3926 vetcre
862 3861 978 3948 lingua
1000 3863 1150 3947 profecta
1171 3859 1302 3943 indeque

188 3962 320 4046 longius
352 3961 529 4046 paullatim
559 3985 737 4048 progressa
761 3968 820 4028 est.
864 3963 1011 4028 Dialecti
1032 3963 1185 4029 novellae
1207 3963 1301 4048 igitur

188 4084 262 4129 cum
279 4065 429 4150 inprimis
449 4065 614 4150 spirantes
632 4087 738 4154 neque
757 4065 924 4152 digamma
943 4067 1058 4146 solum,
1077 4087 1192 4131 verum
1211 4065 1299 4128 etiam
