2862 4668
577 348 788 410 -65-

109 557 116 609 .-
199 512 426 600 διγλαφόρε·Ι
463 537 576 582 corre
610 518 802 581 coniciens-
823 505 1032 582 scribendum
1073 513 1239 600 ἇγλόᾳορο

95 619 168 704 ἷζε
201 615 404 704 ἀγλάφνρε)
438 615 590 684 dederas
617 623 651 682 et
679 618 832 682 ethnioon
863 617 994 702 quidem
1016 625 1141 706 Κρῆτες
1163 618 1240 682 huic

94 721 248 808 »glossae
279 721 313 784 in
346 718 456 784 codice
488 723 572 786 bene
604 719 806 804 adscriptum
842 718 886 782 ad
916 719 960 804 gl.
993 718 1239 784 antecedentem

27 869 32 882 κ.
93 821 351 906 eracemum·
374 821 473 886 καλόν
491 820 725 887 retrahendum
746 825 852 906 putat.
885 819 934 885 At
955 823 1030 908 ipsa
1052 822 1239 885 coniectura

109 925 272 990 audacior
306 923 439 989 videtur
474 945 575 1008 quam
606 927 645 987 ut
679 923 815 1008 probari
846 923 969 1007 possit;
1007 921 1125 988 deinde
1161 944 1238 988 vero

18 1035 28 1093 i
110 1028 246 1092 etiamsi
274 1027 495 1110 suspicionem
521 1024 697 1091 Schmidtii
725 1023 916 1089 credibilem
947 1045 1020 1088 esse
1051 1022 1239 1088 concedere-

109 1153 193 1210 mus,
217 1149 338 1192 caussa
356 1149 412 1191 cur
431 1127 576 1212 glossam
592 1127 758 1196 cratibus
778 1124 1019 1210 derogaremus,
1043 1125 1108 1190 dici
1126 1131 1240 1212 posset

32 1289 35 1297 1
110 1231 215 1296 nulla.
267 1229 358 1306 Quos
387 1231 428 1295 ab
459 1229 521 1292 hac
547 1228 714 1294 vocalium
739 1229 982 1312 permutatione
1009 1250 1075 1293 nou
1102 1250 1237 1313 prorsus

23 1368 25 1385 ·
111 1355 249 1404 aversos
273 1333 376 1396 fuisse
399 1331 507 1394 elucet
529 1331 670 1415 primum
693 1352 733 1393 ex
756 1329 856 1394 schol.
874 1328 970 1393 Aret.
993 1332 1034 1394 33
1057 1329 1141 1404 Ζεὺς
1156 1327 1237 1394 Ἀλό-

32 1467 36 1476 s
113 1455 184 1510 σιος
201 1463 247 1490 =
260 1429 402 1507 Ἀλύοιος
421 1431 495 1498 coll.
515 1429 594 1495 01.
613 1430 670 1496 Gr.
692 1455 744 1496 no.
765 1435 856 1512 2554,
876 1435 894 1496 6
918 1437 1131 1508 ΑΛΛΟίΙΩ,
1151 1431 1238 1516 quod

18 1549 20 1600 ὲ
113 1536 155 1600 ad
179 1533 326 1601 Ἀλνσίοο
354 1535 542 1619 conspirare
570 1532 704 1598 videtur
730 1546 774 1618 (v.
797 1534 991 1598 Voretzsoh.
1020 1533 1042 1596 1.
1066 1555 1091 1598 ο.
1114 1557 1144 1619 p.
1169 1535 1242 1619 24))

18 1707 19 1712 ,
114 1638 230 1703 deinde
260 1659 277 1700 e
306 1636 434 1702 duabus
458 1635 580 1720 glossis
600 1636 690 1716 Hes,
718 1635 757 1700 de
781 1637 910 1720 quibus,
936 1641 975 1700 ut
997 1635 1165 1702 affectioni
1186 1637 1239 1700 illi

24 1774 35 1836 p
114 1743 237 1805 iustam
259 1739 365 1804 lucem
389 1735 624 1818 suffundamus,
650 1737 764 1823 paullo
786 1739 921 1803 uberius
944 1737 1101 1802 hocloco
1124 1741 1238 1824 anqui-

18 1887 19 1914 ,
115 1841 253 1906 rendum
276 1846 335 1906 est.
380 1838 513 1926 Agmen
536 1839 627 1910 sarcit
894 1907 896 1912 ,

28 1959 30 1969 ’
201 1943 438 2026 κοδύμαλον·
457 1942 551 2026 -οἱ
574 1942 616 2006 δὲ
637 1941 829 2006 κυδώνιον
849 1947 927 2006 eret.
946 1946 1032 2006 teste
1047 1933 1169 2005 Atheni
1184 1941 1238 2006 III

119 2068 150 2128 p.
174 2047 229 2107 81:
252 2045 338 2128 quod
355 2046 431 2128 Hey
449 2044 479 2108 d.
499 2042 577 2108 dial.
594 2040 681 2106 Oret.
698 2067 729 2128 p.
746 2047 786 2108 52
808 2045 971 2129 probante
994 2043 1127 2128 Helbig.
1146 2065 1177 2128 p.
1197 2046 1238 2108 30
1311 2051 1312 2054 ’

35 2187 36 2192 1
121 2166 178 2228 per
203 2145 366 2210 vocalium
392 2145 609 2232 hyperthesin
639 2167 679 2208 ex
702 2145 934 2226 *κοδό-μαλον,
970 2167 1068 2230 quam
1098 2145 1238 2208 formam

18 2293 36 2320 r,
122 2248 334 2333 principalem
359 2277 399 2305 =
427 2247 658 2329 *κνδώ-μαλον
684 2246 790 2332 fingit,
813 2253 922 2310 ortum
951 2268 1022 2312 esse
1045 2247 1238 2312 arbitratur.
1270 2303 1272 2308 .

19 2376 24 2424 j
119 2347 168 2412 At
189 2371 264 2415 vero
287 2351 396 2416 brevis
420 2375 437 2414 o
460 2349 587 2414 vocalis
611 2371 674 2434 quo
700 2354 798 2436 pacto
823 2370 952 2434 quaque
975 2347 1015 2412 de
1038 2369 1157 2412 caussa
1179 2372 1237 2434 pro

120 2477 143 2514 ω
173 2451 261 2516 dicta
287 2453 342 2529 sit,
370 2451 458 2536 quod
488 2453 523 2516 in
551 2471 621 2517 voe.
645 2451 804 2517 κνδιίνιον
831 2456 915 2536 (ngr.
939 2454 1071 2534 κνδῶνι)
1095 2471 1134 2514 ac
1156 2449 1238 2514 deri-

19 2585 21 2592 ·
117 2554 204 2618 vatis
229 2553 284 2619 vel
305 2556 482 2640 cognatis,¹
503 2553 597 2619 velut
618 2553 733 2630 κύδων,
766 2559 872 2638 genet.
896 2553 1049 2630 κύδωνος,
1072 2575 1137 2616 non
1160 2553 1238 2618 *κύ-

20 2628 31 2744 ,1
117 2657 211 2730 δονος
239 2655 394 2742 (Nicaud.
425 2653 480 2719 Al.
505 2656 597 2737 234),
625 2655 828 2736 κνδωνόμελι
857 2656 980 2738 (Dicae.
1007 2655 1053 2735 V,
1084 2658 1147 2736 ⁴29),
1178 2654 1237 2718 lat.
1341 2699 1344 2704 ·

117 2762 288 2822 cotoneum
304 2759 401 2840 (Plin.
416 2759 491 2839 XV,
512 2761 560 2838 11,
581 2759 644 2842 10),
660 2756 732 2820 ital.
753 2762 897 2843 cotegna
915 2757 1021 2843 (Dior.
1041 2755 1098 2820 Gr.
1116 2756 1142 2837 I,
1164 2759 1237 2840 157)

18 2922 23 2930 s
116 2874 241 2945 semper
263 2861 373 2925 locum
394 2861 506 2940 habet,
529 2861 612 2924 satis
635 2857 831 2944 intellegere
852 2883 918 2924 nou
939 2881 1084 2945 possum.
1094 2858 1120 2943 ¹)
1151 2855 1237 2922 'Cor-

18 2993 20 3046 3
115 2964 297 3046 reptionem
324 2963 420 3043 enim,
447 2985 547 3046 quam
575 2981 758 3046 proponere
784 2960 906 3045 aliquis
928 2962 1044 3047 possit,
1072 2959 1180 3023 solum
1202 2962 1237 3024 iu

115 3065 403 3130 terminationibus
444 3086 516 3128 esse
555 3063 736 3127 admissam
774 3064 845 3148 ipse
885 3063 1125 3127 demonstravit
1161 3062 1237 3146 Hey

18 3203 20 3220 f
114 3187 144 3249 p.
168 3168 206 3230 18
231 3187 285 3254 sq,
322 3165 494 3250 Itaque'si
516 3165 556 3230 de
578 3165 772 3250 hyperthesi
793 3185 909 3229 revera
932 3168 1095 3250 ageretur,
1123 3166 1236 3250 potius

115 3267 252 3332 formam
269 3268 462 3350 κοδύμαλον
481 3268 750 3353 efflagitaremuS,
775 3289 873 3351 quam
891 3267 998 3352 ipsam
1017 3267 1051 3330 in
1069 3265 1236 3332 Athenaei

115 3365 184 3434 loco
216 3370 321 3434 citato
361 3372 523 3447 veriorem
559 3371 757 3456 scripturam
779 3387 866 3433 esse
903 3368 1235 3454 Schweighaeuserus

116 3489 228 3557 reapse
257 3474 446 3557 suspicatus
474 3478 533 3538 est.
582 3471 631 3536 At
659 3473 791 3536 iniuria.
840 3470 911 3535 Imo
938 3492 1016 3536 vero
1044 3473 1092 3535 sic
1120 3493 1172 3535 res
1201 3493 1235 3535 se

118 3567 226 3637 habet:
250 3597 269 3637 ν
292 3576 419 3660 pariter
442 3580 542 3660 atque
564 3577 599 3638 in
622 3573 781 3660 exemplis
800 3595 901 3658 supra
920 3575 1182 3637 commemoratis
1200 3575 1235 3636 in

117 3742 314 3755 *fi-—n—

196 3847 218 3912 1)
238 3847 301 3896 Alia
319 3863 410 3897 caussa
429 3857 466 3898 est
484 3864 542 3899 cum
560 3851 626 3912 aliis,
645 3851 715 3900 velut
733 3840 924 3920 χρνσὸ-μηλον,
949 3862 1058 3909 quorum
1076 3845 1173 3894 vocalis
1192 3861 1234 3894 co·

112 3931 205 3980 nexiva
222 3932 312 3981 nativa
329 3941 374 3982 est.
404 3934 503 3982 Contra
514 3937 591 3984 unica
603 3944 727 3998 quantum
746 3935 850 3997 quidem
868 3933 920 3981 scio
939 3935 1023 3980 forma
1034 3923 1141 3996 κυδόνη.
1155 3945 1234 3992 quum

18 4077 19 4088 γ
112 4013 227 4077 Ducang.
253 4032 267 4066 e
288 4019 421 4067 Demetrio
444 4020 668 4084 constantinopol.
695 4022 778 4072 affert,
801 4019 827 4066 iu
851 4019 900 4065 hac
923 4017 1073 4079 quaestione
1096 4016 1132 4064 nil
1155 4017 1235 4066 habet

18 4131 20 4154 ,
112 4101 240 4158 ponderis.
258 4129 292 4137 -—

1064 4201 1077 4234 ο
