2862 4668
609 343 821 406 ..51-

179 565 181 570 .
232 508 310 573 Jam
338 530 416 574 vero
447 531 487 574 ex
514 509 577 574 hac
599 511 772 595 originarii
794 533 816 578 ιι
838 512 874 574 in
896 533 915 576 o
939 513 1152 598 correptione,
1181 514 1272 583 cuius

147 610 323 696 analogiae
338 611 374 674 in
391 610 515 696 linguis
534 610 740 693 Germanica,
756 611 899 694 Slaviea,
917 613 1041 678 Latina
1059 615 1103 700 (v.
1122 612 1272 678 Froehde

146 714 196 776 Zt.
219 711 348 792 XVffl,
373 713 434 778 ‘258
458 712 542 798 sqq.)
572 735 719 781 necnon
741 717 777 780 in
798 737 885 782 nova
907 715 1107 782 Umbrorum
1129 714 1271 783 dialecto

148 815 322 899 (Auirecht
352 836 383 879 u.
399 807 597 882 'Kirchhoffi
629 816 744 883 Umbr.
776 815 934 902 Spraohd.
965 841 996 902 p.
1020 817 1070 882 62.
1121 814 1272 884 Ocrssen.

145 917 325 982 Vocalism.
343 915 371 998 I,
394 917 469 1002 251)
492 923 607 1004 aperte
625 918 791 986 interdum
808 921 1024 1006 reperiuntur,
1048 919 1180 1005 glossae
1202 943 1272 1007 per·

148 1019 271 1085 multae
293 1020 413 1105 quibus
442 1019 621 1115 dialectum
642 1044 708 1086 non
730 1023 886 1108 apposuit
907 1022 1103 1106 Hesychius,
1131 1023 1203 1089 luce
1227 1026 1273 1090 af·

146 1121 329 1186 funduntur
358 1121 556 1188 clarissima:
585 1145 668 1208 quae
696 1145 769 1188 cum
797 1145 838 1188 ex
867 1123 943 1188 aliis
967 1123 1120 1190 dialectis
1144 1129 1271 1212 graecis
1358 1154 1380 1222 Ι·

145 1225 243 1288 huius
272 1223 457 1290 affectionis
487 1227 632 1312 vestigia
657 1247 792 1312 perraro
819 1228 1024 1296 innotuerint
1050 1227 1130 1313 (vid.
1159 1229 1271 1314 infra),

146 1325 189 1390 ad
229 1324 424 1412 Cypriorum
469 1327 647 1394 dialectum
685 1327 876 1394 referendae
922 1335 999 1394 sunt
1037 1329 1272 1416 propemodum

146 1450 268 1510 omnes,
291 1430 330 1493 cf.
347 1428 506 1494 Schmidt.
524 1429 645 1496 Philcl.
659 1431 837 1513 Xfflere.
864 1431 956 1512 XIV,
967 1434 1038 1498 205.
1068 1432 1119 1496 Zt.
1128 1432 1188 1514 IX,
1199 1435 1270 1498 366.

145 1531 264 1616 ltaque
294 1533 437 1618 primum
466 1532 596 1619 glossas
624 1529 756 1618 Cypriis
786 1555 902 1599 revera
930 1533 1125 1620 adscriptas,
1153 1534 1271 1599 deinde

147 1639 272 1698 ceteras
300 1657 384 1719 quae
407 1633 625 1718 acquirendae
652 1635 694 1698 iis
720 1635 884 1717 videntur,
912 1658 1139 1722 percurramus
1163 1659 1202 1701 ac
1224 1659 1272 1702 re-

146 1757 349 1802 censeamus:
373 1739 524 1804 omnibus
543 1741 654 1802 autem
672 1737 845 1824 analogias
869 1760 910 1802 ex
927 1739 1094 1805 hodiernis
1118 1738 1270 1804 dialectis

145 1861 243 1923 quam
265 1841 446 1924 poterimus
470 1841 565 1904 enixe
588 1837 757 1921 addamus,
781 1842 899 1926 quibus
924 1823 1073 1928 cyprium
1096 1865 1114 1906 o
1137 1847 1270 1908 vetusto

143 1963 167 2004 u
189 1962 370 2027 congruere
392 1939 536 2006 dilucide
559 1961 598 2006 ao
619 1943 791 2026 perspicue
813 1941 1103 2010 demonstrabitur.

539 2197 687 2266 elosae
711 2180 877 2283 Cypriae.

230 2354 338 2415 θεῖα·
361 2350 480 2432 tydeo.
509 2353 574 2414 noi
596 2355 711 2424 θεοῖς
734 2349 977 2431 deludendi,
999 2351 1059 2416 ubi
1081 2350 1163 2415 duas
1182 2350 1268 2441 glos-

145 2472 199 2516 sas
222 2453 257 2516 in
278 2474 379 2518 unam
402 2451 561 2516 conflatas
586 2473 657 2516 esse
684 2453 750 2516 iam
772 2451 941 2516 intellexit
962 2452 1006 2516 Is.
1029 2451 1179 2518 Vossius.
1222 2453 1267 2518 M.

144 2551 302 2618 Schmidt.
331 2556 384 2638 (cf.
407 2555 491 2620 Mus.
514 2554 618 2618 Rhen.
640 2554 768 2634 XVIH,
791 2557 853 2618 475
877 2557 937 2639 sq.)
966 2555 1174 2620 scribendum
1195 2579 1268 2642 pro·

142 2657 254 2741 posuit
286 2661 430 2723 desidio.
463 2656 551 2738 ἰγδία
582 2663 618 2721 K.
653 2660 707 2740 (=
737 2655 826 2743 vulg.
858 2659 1003 2740 θνείδια)
1039 2663 1073 2726 et
1094 2661 1267 2728 θεοειδέα·

142 2762 236 2833 θεοῖς
267 2757 407 2824 ἐοικότα.
452 2757 660 2844 simpliciore
690 2779 769 2823 vero
800 2759 947 2854 ratione,
985 2779 1058 2824 cum
1090 2763 1195 2826 ΘΕΙΑ
1227 2782 1266 2824 ex

144 2863 250 2926 ΘΟΙΑ
279 2882 431 2926 manasse
461 2859 624 2940 videatur,
655 2859 897 2925 emendaverim
924 2863 1020 2925 doto·
1050 2861 1138 2943 ἴγδαι
1164 2867 1200 2926 Κ.
1233 2867 1268 2926 et

141 2966 234 3027 θεῖα·
258 2968 352 3038 θεοῖς
370 2961 509 3028 ἐοικότα.
546 2962 611 3026 Pro
631 2960 752 3026 codicis
772 2963 936 3048 scriptura
959 2963 1046 3044 ἴγδια
1064 2965 1159 3045 enim,
1183 2986 1267 3049 quae

140 3061 247 3128 fo'rma
277 3086 351 3130 eum
379 3066 483 3147 ἴγδιον
508 3095 552 3120 =
581 3065 654 3151 ἴγδη
681 3062 764 3128 med.
793 3062 908 3128 Graec.
936 3066 1105 3150 proprium
1138 3067 1184 3130 sit
1214 3067 1266 3148 (cf.

139 3165 311 3252 Ducang.),
334 3167 465 3234 librarii
483 3167 714 3253 neglegentiae
734 3165 949 3231 condonanda
966 3171 1026 3248 est,
1047 3171 1262 3253 transpositis

141 3291 161 3332 o
185 3273 219 3332 et
240 3294 252 3332 ι
273 3269 397 3334 litteris
419 3292 491 3336 meo
514 3271 585 3334 iure
604 3269 767 3354 corrigere
785 3268 901 3334 videor
923 3269 1019 3351 ἴγδαι,
1043 3271 1134 3335 cuius
1158 3292 1262 3336 emen-

140 3369 285 3436 dationis
308 3377 462 3438 accentns
485 3373 572 3454 ἴγδια
594 3394 653 3458 pro
675 3369 773 3453 dydo‘o,
796 3371 883 3456 quod
902 3373 1155 3458 exspectaveris,
1178 3374 1261 3437 satis

140 3493 294 3558 magnam
324 3475 464 3559 praebet
494 3475 565 3539 veri
593 3475 745 3560 speeiem.
788 3476 870 3538 θοΐα
901 3478 1012 3540 autem
1042 3495 1101 3559 per
1131 3477 1261 3560 generis

142 3574 316 3661 enallagen
343 3579 385 3662 (p.
409 3579 462 3659 39)
493 3577 676 3642 rectissime
710 3574 831 3640 dicitur
861 3599 920 3662 pro
948 3581 1061 3642 θνεῐαι
1087 3577 1141 3642 vel
1168 3579 1262 3642 θυΐαι

135 3833 227 3896 petita,
245 3834 290 3882 ubi
308 3836 399 3884 eadem
416 3849 434 3881 u
451 3835 549 3884 vocalis
568 3849 752 3898 saepenumero
765 3818 979 3898 deprehenditur:
998 3849 1050 3896 qua
1067 3835 1101 3882 de
1112 3849 1170 3883 cum
1188 3849 1262 3882 accu-

135 3919 218 3966 ratius
245 3933 376 3982 exponere
402 3923 453 3968 hoc
475 3920 534 3967 loco
557 3920 666 3981 longum
690 3919 730 3979 sit,
758 3920 823 3968 alias
847 3919 952 3980 alioque
973 3918 1032 3966 loco
1056 3918 1159 3989 uherius
1183 3925 1263 3980 atque
1329 3926 1336 3940 '

135 4003 219 4052 fusius
237 4003 363 4052 disserere
381 4004 552 4066 exemplaque
574 4005 635 4052 inde
658 4004 805 4067 constipare
822 4005 850 4052 in
867 4004 953 4052 animo
972 4003 1035 4050 mihi
1054 4010 1100 4052 est.
1128 4003 1263 4052 Nonnulla

134 4087 243 4150 collegit
261 4089 349 4137 riam.
369 4088 404 4149 11,
425 4089 465 4138 rs.
501 4075 631 4138 eumerus
649 4089 670 4151 1,
691 4091 721 4138 ιι
741 4105 778 4151 sq.
799 4117 837 4148 -,

1073 4167 1110 4222 4*
