2862 4668
619 343 831 405 -29-

160 513 217 576 nio
249 511 279 575 d.
306 533 453 597 pronom.
484 513 557 593 119)
584 512 620 574 in
647 533 709 576 usu
738 517 824 591 erat;
854 513 893 576 of.
925 513 1002 577 Hes.
1026 517 1137 580 δατέν·
1169 517 1285 602 ζητεῖν,

162 613 250 699 quod
273 613 452 698 [Laconum
474 612 538 698 vel]
560 613 762 678 Boeotorum
785 620 836 678 est
859 613 952 698 (Ahr.
974 615 1001 696 I,
1027 617 1096 681 175.
1126 617 1171 699 H,
1187 619 1284 700 95)1),

160 716 231 780 rad.
255 715 309 802 dja
332 713 422 780 (lurt.
445 715 516 780 571.
562 713 686 780 Contra
708 716 793 780 nihil
816 720 867 780 cst
889 718 1038 804 ambigui
1061 720 1140 804 quin
1162 719 1207 806 gl.

249 817 406 903 ἰφᾶτιν·
430 816 558 903 κρύφα
579 819 775 884 λαλοῦσαν
797 823 933 904 propter
961 841 1128 906 apocopen
1150 843 1286 908 praepo-

165 921 295 984 sitionis
317 915 385 984 ὑπό
408 921 443 983 111
465 917 528 984 ἰπό
552 920 721 986 emollitae
745 922 797 1004 (cf.
823 921 901 986 Hes.
919 917 1088 1007 ἰμίτραὸν·
1111 919 1286 1000 indicans

164 1021 291 1106 Πάφιοι
313 1051 356 1076 =
377 1017 632 1105 ὓπο-μίτρασον)
657 1020 853 1108 Cypriorum
872 1024 917 1087 sit
938 1046 998 1109 pro
1016 1020 1193 1111 ὑποφῆτιν,
1217 1025 1285 1090 dor.

161 1119 339 1207 ὕποφᾶτιν,
371 1122 533 1208 siquidem
564 1123 767 1190 Schmidtius
805 1125 927 1191 codicis
955 1127 1153 1212 scripturam
1180 1129 1285 1191 mani·

159 1227 245 1290 festo
275 1230 463 1311 corruptam
493 1223 626 1309 ἰφιντάν
653 1231 742 1291 recte
765 1227 964 1293 enucleavit:
995 1227 1131 1292 ethaeo
1153 1228 1285 1314 quidem

160 1329 327 1394 sententia
356 1328 428 1392 veri
459 1331 510 1392 est
541 1327 682 1394 similior
713 1351 812 1414 quam
845 1327 879 1393 Ο.
912 1328 1130 1411 Schwenokii,
1162 1332 1219 1415 qui
1249 1331 1284 1394 in

157 1429 243 1494 Mus.
273 1429 377 1494 Rhen.
407 1429 433 1511 I,
462 1431 523 1494 154
554 1436 689 1514 σφίγγα·
716 1428 777 1520 τὴν
804 1455 853 1516 κρ.
885 1431 1061 1519 legendum
1091 1453 1162 1497 esse
1183 1425 1283 1498 nimis

161 1529 362 1597 confidenter
385 1537 564 1598 asseverat.
587 1571 629 1579 -—
650 1532 802 1617 Denique
847 1532 869 1597 l.

245 1634 440 1718 σμαρκόν·
467 1635 653 1721 καθαρόν.
678 1673 720 1682 -
742 1635 859 1721 δριμύ
878 1633 1002 1722 Cypria
1026 1641 1078 1700 est
1099 1659 1160 1722 pro
1183 1655 1284 1724 σμηκ-

158 1737 218 1822 ρόν
246 1739 299 1821 (cf.
329 1737 407 1802 Hes.
436 1759 461 1801 s.
488 1761 528 1818 v,
555 1739 614 1802 ubi
642 1737 745 1802 codex
773 1737 925 1824 σμικρόντ
955 1737 1143 1804 emendavit
1171 1744 1283 1825 postu·

156 1841 248 1904 lanto
264 1839 379 1904 ordine
394 1839 442 1903 Js.
456 1839 576 1922 Voss),
595 1838 664 1904 rad.
686 1839 782 1904 smalx
797 1839 916 1923 (σμάω,
937 1839 1060 1926 σμήχω.
1079 1839 1173 1904 Fiok.
1191 1843 1282 1924 415):

158 1942 197 2007 de
218 1942 353 2007 litterae
372 1943 509 2006 caninae
531 1941 726 2027 hyperthesi
743 1941 809 2007 vid.
830 1963 919 2027 cypr.
939 1938 1056 2026 ἄρπιξ·
1080 1937 1169 2016 εἶδος
1187 1937 1281 2007 rindo-

159 2050 223 2130 {tng
241 2045 343 2127 (Hes.)
360 2073 402 2100 =
419 2044 509 2129 vulg.
529 2039 633 2127 ἀπρίξ
652 2044 717 2128 (Et.
735 2044 780 2108 M.
803 2046 871 2125 132,
887 2045 950 2127 53).
969 2047 1135 2128 κέρδοπα·
1155 2039 1282 2129 ὄσπρια

159 2175 202 2200 =
224 2151 282 2210 att.
305 2149 462 2232 χέδροπα.
499 2145 619 2230 Itaque
637 2169 703 2211 non
721 2146 891 2232 intellego,
915 2144 1038 2230 quade
1057 2166 1174 2209 caussa
1191 2150 1281 2210 utra·

161 2269 222 2332 quc
244 2248 355 2335 glossa
377 2249 598 2334 suspicionem
617 2247 799 2314 Schmidtio
822 2247 972 2313 moverit.

240 2350 351 2415 Aliter
378 2355 493 2416 contra
522 2350 618 2415 video
650 2349 797 2414 iudicare
828 2348 978 2414 Curtium
1010 2348 1122 2433 Etym.
1154 2347 1204 2412 ed.
1230 2349 1282 2414 IV

153 2476 185 2538 p.
210 2451 269 2519 681
298 2458 376 2534 not,
406 2454 462 2538 qui
489 2451 634 2518 radicem
665 2454 767 2518 sumit
793 2451 926 2517 amar-d
956 2450 1147 2536 (σμερδνός,
1174 2450 1281 2516 mord

154 2555 220 2638 eo):
246 2576 352 2640 neque
379 2560 491 2620 tamen
519 2555 806 2641 interpretamenti
829 2575 947 2620 caussa
970 2552 1143 2638 (καθαρόν,
1167 2553 1279 2639 δριμύ)

154 2656 331 2722 admodum
354 2657 615 2724 commendabile
642 2657 725 2721 mihi
752 2655 893 2722 videtur.
937 2655 1018 2721 Voc.
1040 2653 1202 2740 βρωτικόν
1225 2677 1279 2720 au·

153 2761 229 2840 tem,
252 2757 340 2845 quod
363 2760 466 2825 codex
486 2764 660 2845 utramque
689 2761 776 2824 inter
805 2759 1023 2844 expositionis
1044 2777 1159 2822 vocem
1180 2758 1279 2822 inter·

153 2861 301 2946 positum
330 2863 478 2948 praebet,
509 2883 568 2947 per
600 2883 742 2926 errorem
772 2859 836 2925 huc
862 2862 1010 2946 irrepsit,
1043 2861 1082 2924 cf.
1115 2858 1277 2946 σμηκρόν·

153 2963 314 3047 καθαρόν,
344 2963 456 3050 δριμύ;
484 2965 639 3050 pertinet
656 2963 722 3026 nisi
752 2961 830 3046 quid
858 2983 910 3027 me
937 2960 1036 3040 fallit,
1068 2960 1111 3024 ad
1133 2960 1177 3047 gl.
1199 2981 1278 3046 pau-

152 3063 222 3129 lum
258 3065 506 3132 antecedentem
545 3064 740 3149 σμάρδικον·
781 3069 970 3150 στρουθίον.
1023 3063 1111 3128 Huic
1144 3062 1277 3148 glossae

152 3167 298 3233 nondum
334 3168 421 3252 quod
458 3170 560 3233 sciam
592 3166 777 3253 explicatae
813 3165 976 3250 siquidem
1007 3163 1152 3229 radicem
1183 3165 1277 3229 illam

153 3289 256 3354 σμαρ-
280 3274 300 3336 d
318 3273 361 3354 (v.
381 3269 470 3336 Ourt.
489 3269 510 3334 l.
529 3270 564 3354 l.)
581 3269 792 3349 subiciamus,
814 3269 1145 3355 interpretamentum
1164 3288 1277 3352 oroor-

150 3377 230 3436 θίαν
252 3372 414 3458 βρωτικόν
436 3372 525 3438 haud
547 3371 633 3436 male
657 3372 819 3436 convenit.
842 3407 884 3418 —-

238 3630 266 3694 1).
280 3631 406 3681 Schmidt.
425 3632 587 3694 Delphicum,
607 3633 672 3694 Hcy.
690 3630 709 3678 1.
727 3631 744 3678 1.
764 3647 788 3692 p.
808 3631 839 3678 31
860 3630 989 3679 Creticum
1008 3645 1062 3678 esse
1080 3629 1163 3676 duxit.
