2862 4668
580 399 622 408 -
666 331 791 426 63'..

114 551 232 594 verum
267 529 371 610 vidit,
407 528 569 594 dialectus
606 527 815 616 agnoscenda
856 534 907 594 est
943 527 1075 615 Cypria.
1127 530 1243 614 Neque

114 637 229 696 tamen
246 630 453 696 Lobeokium
472 635 608 712 seoutus
622 633 778 696 mutarim
798 637 890 715 φοαί,
914 630 971 694 sed
993 633 1107 716 potius
1129 631 1243 696 eadem

117 755 202 817 quae
233 735 268 797 in
298 753 388 800 vona
422 729 560 817 ἅρμνλα,
592 731 687 810 ἔπιζοι
715 733 756 798 al:
788 736 829 818 (p.
853 735 906 814 39)
938 735 1068 818 generis
1100 735 1245 800 cernitur

9 927 10 930 Ἴ
117 835 271 920 enallage
300 833 497 921 Cypriorum
527 837 662 920 propria
696 856 735 899 ae
761 835 949 920 peculiaris.
998 835 1053 900 Ita
1084 835 1152 920 φόα
1182 856 1242 922 pro

118 946 218 1021 φιν-αι’
236 937 367 1018 dieitur,
390 937 459 1002 rad.
483 937 560 1017 b'mi,
582 937 668 1002 unde
692 958 792 1022 supra
815 935 1032 1020 ἰνκα-φότεοε.
1079 934 1127 1002 Of.
1154 935 1244 1003 Ourt.

117 1038 229 1122 Etym.
253 1039 302 1104 ed.
319 1039 384 1120 IV,
407 1041 478 1104 305.
501 1075 544 1086 -
658 1087 663 1102 .
919 1062 921 1066 ·

204 1139 245 1222 ἐγ
267 1141 395 1222 χόδια·
420 1137 563 1226 ἀθρόα.

204 1243 296 1307 Haeo
315 1265 443 1328 quoqne
462 1243 576 1329 glossa
599 1241 673 1306 ooll.
696 1241 786 1328 vulg.
808 1247 942 1323 χνδαῑος
965 1240 1162 1328 Cypriorum
1180 1250 1245 1309 est:

119 1345 226 1426 χόδια,
250 1345 337 1429 quod
359 1351 472 1411 utrum
499 1366 572 1409 eum
595 1343 778 1408 Schmidtio
809 1345 1039 1432 corrigendum
1062 1347 1107 1410 sit
1127 1350 1245 1427 χοδαῖα

120 1469 164 1511 an
188 1446 321 1511 dialecti
353 1447 475 1534 prodat
505 1447 742 1532 proprietatem
767 1449 900 1532 penitus
927 1447 1059 1512 decerni
1084 1472 1150 1513 non
1175 1455 1246 1534 pot-

121 1554 181 1630 est,
203 1572 262 1634 pro
285 1553 403 1631 χνδαῖα
427 1550 556 1614 dieitur.
600 1550 650 1614 De
677 1571 699 1614 u
729 1555 861 1616 vetusto
886 1551 925 1615 of.
954 1551 1032 1615 loor.
1064 1552 1172 1632 xiusto
1202 1581 1247 1608 τε
1370 1562 1374 1569 ’

119 1651 221 1732 χύσον
239 1650 318 1717 αὑτό
342 1650 518 1738 Chalkiop.
535 1654 606 1718 368.
643 1652 677 1734 ἐγ
692 1659 812 1734 autem,
835 1675 894 1738 pro
914 1675 977 1737 quo
997 1655 1026 1717 si
1040 1656 1245 1740 praepositio

120 1755 252 1834 inesset,
276 1747 541 1842 exspectaremus
565 1754 596 1820 ἰν
619 1777 643 1817 s.
667 1753 705 1836 ἰγ,
729 1757 820 1820 vocis
844 1754 1070 1820 antecedentis
1094 1755 1245 1821 clausula

120 1859 222 1921 fuisse
248 1858 390 1938 videtur,
420 1859 464 1920 of:
496 1882 536 1922 αν
564 1859 597 1922 a’
623 1849 748 1944 ἥμερον
775 1881 806 1942 p.
830 1861 879 1921 21.
923 1857 1101 1922 Praeterea
1132 1861 1166 1922 in
1201 1859 1244 1944 gl.

122 1966 276 2045 corrupta
294 1963 420 2040 χοΐας·
447 1959 492 2023 τὸ
517 1956 739 2044 separaum
758 1983 823 2024 vox
842 1958 966 2045 Cypria
988 1960 1088 2024 latet:
1111 1967 1239 2026 ΧΟΙΑί

124 2063 211 2123 enirn
244 2061 404 2124 facillima
440 2060 629 2126 litterarum
660 2063 855 2127 traiectione
885 2063 1074 2148 restituitur
1104 2068 1242 2128 XOArc

69 2192 71 2195 ·
125 2163 145 2224 i.
176 2183 201 2224 e.
229 2163 332 2242 χό-δις
364 2184 450 2248 oypr.
477 2193 520 2219 =
549 2165 673 2251 χύ-δην.
718 2164 771 2227 Ds
798 2163 926 2228 suffixis
955 2167 1005 2244 δις
1032 2170 1065 2228 et
1093 2167 1153 2251 δην
1174 2187 1247 2250 pro·

124 2265 246 2328 misene
269 2267 437 2350 usurpatis
470 2267 509 2329 ef.
533 2266 618 2330 hom.
643 2262 818 2353 ἀμοιβηδίς
841 2271 875 2329 et
898 2262 1096 2352 ἀμοιβήδην;
1117 2265 1248 2348 μιγάδις

123 2367 188 2450 (ap.
212 2369 460 2452 grammaticos)
484 2374 517 2432 et
538 2369 711 2456 μιγ[ά]δην,
736 2369 777 2432 al.
796 2367 878 2434 Lob.
897 2367 1098 2432 Peranna
1117 2389 1186 2453 sqq.
1205 2409 1246 2416 ——
1316 2414 1322 2426 .

204 2469 359 2554 Denique
379 2492 396 2533 e
420 2467 543 2556 Cypria
564 2469 701 2535 Homeri
728 2469 872 2536 editione
900 2469 1066 2534 fluxerunt
1088 2469 1131 2556 gl.

208 2569 420 2657 ἕράτοθεν·
450 2569 734 2637 ἀνεπαύσαντο
763 2601 806 2628 =
831 2571 992 2659 ἐρήτυθεν
1014 2571 1042 2635 Β
1066 2574 1115 2636 99.
1154 2557 1246 2648 Ι(λοο-

123 2674 210 2737 oiroa
238 2673 400 2738 Meinokii
432 2677 620 2739 coniectura
651 2673 813 2760 ἐράτυθον
843 2674 1061 2761 improbanda
1093 2680 1152 2738 est.
1195 2673 1246 2738 De

123 2799 144 2840 α
165 2803 209 2830 =
230 2799 250 2863 η
273 2776 340 2842 vid.
363 2801 394 2862 p.
418 2779 468 2842 28.

208 2879 327 2943 πόλιν
350 2879 554 2966 Μόνητος·
578 2877 881 2964 Λνρνησσόνέ
904 2879 1060 2965 Μύνητος
1078 2878 1105 2940 Τ
1123 2880 1195 2943 296.

208 2987 436 3062 πέπυσμαι·
462 2979 611 3067 ἀκήκοα
629 2989 860 3062 :manuopera
882 2982 901 3044 λ
924 2981 995 3045 505.
1023 2977 1071 3044 Of.
1087 2977 1246 3045 Schmidt.

123 3081 173 3144 Zt.
197 3081 218 3144 l.
243 3103 267 3145 o.
292 3085 362 3148 293.
385 3121 428 3130 -—

533 3239 836 3247 ——-—-—-—.—.....-...

207 3387 271 3451 His
293 3390 398 3475 igitur
421 3389 461 3454 de
483 3390 605 3476 glossis
629 3389 707 3473 quin
731 3387 773 3452 ad
795 3379 944 3453 nostram
966 3388 1145 3457 dialeetum
1167 3390 1247 3454 refe-

125 3487 244 3553 rendae
276 3493 352 3574 sint,
384 3514 425 3556 ne
452 3493 619 3558 tantulum
648 3490 779 3576 quidem
806 3490 912 3557 habeo
941 3493 1102 3578 ambigui:
1132 3497 1247 3556 eontra

127 3588 211 3654 aliae
237 3594 416 3660 nonnullae
447 3596 482 3658 in
508 3599 663 3681 promptu
687 3597 871 3678 supersunt,
895 3615 1033 3678 quarum
1056 3593 1096 3658 de
1119 3595 1246 3680 origine

125 3689 213 3756 haud
234 3695 410 3762 admodum
433 3698 530 3762 faoile
554 3695 772 3776 diiudicarim,
795 3695 870 3760 hae:

207 3797 357 3878 μάθος·
401 3839 442 3848 -
480 3800 632 3877 στάσις,
669 3798 861 3884 θόρυβος,
898 3797 985 3882 qnod
1017 3797 1079 3861 hae
1115 3797 1247 3881 quidem

122 3899 258 3964 notione
281 3923 340 3986 pro
363 3906 472 3982 μῦθος
496 3904 547 3984 (of.
570 3902 648 3966 Hes.
671 3904 793 3982 μῦθος·
811 3938 853 3947 -
873 3899 1000 3981 στάσις)
1024 3898 1154 3980 dieitur,
1176 3899 1245 3965 rad.

122 4005 178 4065 mii
206 3999 310 4086 (Ourt.
335 4005 406 4069 314.
441 4004 536 4068 Fiek.
560 4005 651 4088 386),
683 4001 769 4067 unde
795 4003 1052 4082 lamentaliter
1075 4001 1181 4088 (Hes.)
1204 4029 1247 4058 =

120 4107 264 4184 μοθίζει.
300 4104 350 4170 At
371 4128 450 4172 vero
475 4129 547 4172 oum
566 4104 698 4191 Cypriis
720 4104 814 4187 μύθα
836 4125 895 4189 per
918 4105 1048 4189 generis
1072 4103 1247 4190 enallagen
1287 4091 1289 4094 ¹
