2862 4668
521 1203 705 1325 CAPUT
750 1207 999 1326 PRIMUM.

419 1458 1083 1575 stoonnrssos.

548 1698 583 1770 A.
607 1699 744 1773 DURAE
763 1699 957 1774 VOCALES.

670 1917 733 2018 1.)
760 1917 837 1994 A.

615 2142 687 2218 §L
720 2146 886 2224 AproH.

272 2315 297 2372 Α
315 2309 489 2392 antiquum
503 2307 755 2374 dorico-aeolico
771 2309 867 2375 modo
882 2333 941 2396 pro
962 2333 981 2396 η
999 2330 1072 2374 oum
1094 2309 1129 2372 in
1152 2311 1319 2395 stirpibus

186 2411 424 2477 vocabulorum
454 2414 526 2474 tum
556 2411 591 2472 in
620 2412 911 2477 terminationibus
937 2411 1064 2476 servari
1092 2409 1191 2475 solet:
1227 2413 1320 2496 quod

188 2535 227 2577 ex
243 2512 365 2598 glossis
383 2513 527 2576 omnium
546 2511 764 2576 dialectorum
787 2518 840 2577 set
862 2511 977 2577 multis
996 2534 1139 2577 necnon
1163 2534 1180 2577 e
1202 2515 1317 2579 titulis
1403 2523 1405 2584 J

187 2619 334 2710 apparet.
378 2613 600 2678 Exordiamur
623 2614 664 2678 ab
689 2636 710 2677 α
732 2614 938 2696 intermedio,
961 2615 1049 2700 quod
1402 2639 1404 2736 1

584 2785 732 2853 Glossoe
756 2785 911 2872 Cypriae

185 2938 343 3004 exhibent
365 2937 481 3002 haece:
724 3021 727 3028 Ι

181 3035 439 3124 Ἀβαριστάν·
472 3043 813 3130 γυναικιζομὲνην.
858 3046 1161 3128 καθαιρομένην
1191 3064 1315 3106 κατα-

337 3147 509 3228 μηνίοις.
549 3141 734 3227 Κύπριοι.

271 3241 422 3327 Guyetus
451 3264 589 3326 eumque
618 3245 724 3306 secuti
752 3243 869 3330 Engel.
899 3267 930 3329 p.
954 3243 1015 3308 557
1044 3243 1311 3310 etSakeHarios

154 3331 332 3433 'glossam
354 3343 396 3408 ad
419 3340 590 3428 ἁβριστάν,
614 3341 789 3430 ἁβρίζομαι
807 3344 980 3409 deduount.
1026 3344 1122 3421 Quod
1145 3346 1174 3409 si
1196 3367 1312 3411 verum
1390 3354 1393 3360 ’

184 3451 280 3527 esset,
304 3441 484 3520 ἀνάπτυξις
516 3467 599 3528 quae
631 3445 753 3511 dieitur
777 3447 904 3512 vocalis
932 3469 952 3510 α
983 3451 1059 3510 ante
1089 3471 1107 3534 ρ
1136 3447 1223 3511 foret
1246 3453 1311 3512 sta·

182 3548 315 3628 tuenda,
347 3569 430 3632 quae
458 3547 493 3610 in
523 3546 640 3634 lingua
667 3570 747 3613 sane
775 3549 908 3635 vulgari
931 3549 1062 3633 saepius
1086 3549 1238 3628 ooourrit,
1271 3551 1309 3613 of.

181 3650 345 3736 βάραγχος
369 3654 402 3714 et
423 3648 574 3735 βράγχος,
597 3649 754 3736 ταράσσω
779 3657 812 3717 et
834 3649 975 3737 θράσσω
999 3650 1055 3714 aL:
1079 3655 1114 3714 at
1138 3654 1255 3714 eontra
1276 3653 1309 3714 in

92 3757 95 3766 ’
183 3751 381 3837 Cypriorum
417 3750 559 3817 dialecto
597 3753 695 3818 huius
726 3753 854 3819 vocalis
889 3751 1125 3816 intercedentis
1158 3753 1311 3838 exempla

183 3851 421 3937 desiderantur,
444 3855 510 3919 imo
530 3852 669 3941 Cyprios
689 3857 874 3942 anaptyxin
891 3854 980 3919 omni
997 3853 1093 3918 modo
1116 3851 1310 3938 repudiasse

182 3955 290 4020 elucet
317 3978 333 4020 e
360 3955 482 4042 glossis
512 3957 590 4023 Hes.
614 3954 753 4044 ἄρμυλα,
781 3958 899 4044 ἴγκρος,
924 3953 1178 4040 εὗτρόσσεσθαι,
1201 3961 1309 4040 roem-
1361 3949 1366 3956 ’

181 4063 254 4135 θος,
279 4058 410 4144 στρυπά
436 4082 496 4144 pro
519 4060 610 4146 vulg.
634 4055 800 4146 ἇραβύλας
824 4059 938 4143 (Hes),
967 4057 1111 4142 ἕγκαρος,
1139 4053 1309 4140 eri-woan-
