2862 4668
649 363 839 426 ..4.-

181 537 226 602 Μ.
251 534 410 601 Schmidt.
442 514 478 602 in
507 534 630 598 Jenacr
656 532 914 618 Litcratur·Ztg.
937 555 988 612 nb.
1013 535 1053 597 16
1076 556 1106 618 p.
1131 533 1192 598 238
1217 509 1309 614 lcoll.

182 639 262 705 ibid.
284 662 336 702 no.
366 639 397 719 6)
421 657 481 700 nec
502 659 569 701 non
590 633 723 699 Deecke
747 640 780 699 et
802 633 1014 720 Siegismund
1035 636 1071 698 in
1098 632 1205 699 Curtii
1231 633 1310 698 Stu-

183 742 247 805 diis
269 740 335 805 vol.
359 739 427 802 VII
448 763 479 822 p.
503 740 671 802 alt-264
696 737 782 820 (coll.
806 737 909 800 Litcr.
933 734 1115 801 Centralbl.
1140 731 1238 800 1874?
1266 739 1310 799 14

1410 633 1412 768 l

181 844 287 924 blara)
319 841 438 905 titulos
461 839 588 904 Idalios
606 841 834 925 ,gravissimos
865 840 933 903 fere
957 861 1069 904 omnes
1093 839 1310 902 enuclearunt
1411 833 1412 902 f

182 944 411 1032 permultaque
451 963 534 1026 quae
573 941 787 1005 Brundisium
826 942 983 1027 fugerunt
1023 947 1081 1022 aut
1116 941 1309 1005 fefellerunt

144 1103 146 1116 .
182 1046 351 1134 praeclare
375 1043 580 1108 detexerunt.

269 1148 355 1214 Sane
378 1147 595 1231 investigatio
619 1147 769 1226 aliorum,
801 1152 838 1210 ut
869 1147 904 1210 in
927 1147 997 1210 eius
1020 1146 1111 1212 modi
1142 1144 1310 1230 quaestio-

182 1254 280 1317 nibus
304 1248 511 1312 diffioillimis
535 1249 683 1333 satisque
707 1250 850 1334 spinosis
873 1249 945 1313 fieri
968 1248 1062 1330 solet,
1086 1251 1128 1314 ab
1153 1249 1230 1312 aliis
1252 1241 1308 1310 hic

144 1376 146 1380 ’
183 1355 254 1417 illic
273 1352 439 1437 discrepat
457 1353 571 1435 itaque
587 1351 738 1435 quamvis
754 1349 793 1414 de
809 1351 924 1436 lingua
943 1373 1063 1436 graeca
1072 1353 1107 1415 in
1116 1351 1308 1415 universum

183 1456 268 1519 nihil
287 1454 507 1519 dubitationis
527 1452 625 1533 adsit,
646 1452 685 1516 de
709 1453 851 1538 singulis
870 1454 994 1534 formis,
1020 1461 1058 1518 υτ
1076 1475 1162 1518 nune
1179 1474 1232 1517 res
1256 1456 1309 1516 est

185 1561 385 1642 comparata,
409 1557 603 1640 saepissime
627 1561 716 1619 certo
740 1554 900 1618 affirmari
922 1557 1046 1639 nequit.
1090 1556 1163 1619 Iam
1179 1554 1308 1619 verosi

182 1659 366 1724 Deeckium
398 1663 431 1721 et
454 1655 735 1743 Siegismundium
767 1662 923 1738 auctores
950 1663 987 1721 ut
1009 1657 1142 1722 videtur
1163 1657 1306 1742 locuple·

183 1763 287 1826 tiores
311 1761 486 1844 sequimur,
510 1759 607 1845 plura
630 1758 761 1843 quidem
784 1761 1001 1844 reperiuntur,
1034 1782 1117 1844 quae
1140 1765 1307 1825 vetustam

71 1949 73 1954 Ι
185 1863 382 1949 Cypriorum
405 1861 584 1926 dialectum
606 1860 751 1947 produnt
770 1861 977 1944 (Brandisius
996 1863 1147 1928 tabulam
1164 1861 1308 1924 Idaliam

185 1968 300 2050 quinto
320 1988 349 2028 a.
369 1962 443 2028 Chr.
467 1965 576 2028 seculo
601 1961 774 2045 adscribit)
798 1969 832 2028 et
857 1986 929 2028 cum
952 1964 1029 2028 aliis
1053 1964 1189 2029 dialecti
1208 1963 1309 2048 speci·

184 2069 329 2133 minibus
352 2067 522 2152 praeclare
547 2067 759 2131 conveniunt:
792 2071 906 2131 contra
933 2069 1002 2131 alia
1025 2074 1083 2132 aut
1105 2065 1308 2131 intenebris
1411 2139 1412 2150 χ

184 2171 292 2234 latent
324 2174 382 2233 aut
413 2169 447 2232 in
473 2169 602 2234 lubrico
625 2169 764 2232 nimium
786 2175 963 2234 versantur
986 2175 1044 2234 aut
1067 2169 1310 2235 dubitationem

184 2277 319 2337 movent
349 2270 439 2335 haud
471 2271 634 2356 exiguam.
677 2271 771 2334 Haec
801 2271 906 2357 igitur
935 2276 1149 2336 monumenta
1170 2277 1209 2335 υτ
1230 2292 1309 2334 non·

186 2373 263 2439 dum
299 2373 382 2437 satis
419 2374 593 2458 explorata
628 2372 671 2437 ad
701 2372 937 2437 illustrandam
972 2372 1151 2437 dialectum
1182 2395 1310 2438 summa
1410 2391 1411 2432 3

186 2497 259 2539 cum
282 2475 434 2539 cautione
458 2474 646 2539 adhibenda
669 2481 746 2539 sunt
767 2474 907 2559 ideoque
930 2477 965 2539 in
986 2476 1039 2539 his
1059 2477 1310 2559 quaestionibus

186 2577 502 2662 circumspiciam,
532 2583 571 2640 ut
601 2579 724 2641 formas
754 2577 984 2642 tantummodo
1017 2579 1233 2660 certissimae,
1270 2577 1310 2642 de
1410 2577 1411 2654 J

186 2682 306 2764 quibus
329 2677 478 2743 funditus
501 2684 738 2764 persuaserunt
756 2680 954 2765 interpretes
972 2680 1026 2744 illi
1045 2681 1230 2761 clarissimi,
1250 2703 1309 2744 suo

186 2783 260 2848 loco
285 2781 471 2846 afferamus.
482 2784 508 2864 l)
547 2839 550 2842 .

272 2883 365 2960 Quae
389 2904 462 2947 cum
484 2883 534 2948 ita
556 2885 633 2964 sint,
657 2882 699 2948 ad
716 2886 855 2968 glossas
874 2885 1026 2970 Cyprias
1045 2908 1065 2950 a
1083 2882 1305 2972 grammaticis

187 2992 220 3050 et
254 2985 520 3071 lexicographis,
557 2987 709 3072 inprimis
741 2987 912 3071 Hesychio
949 2986 1094 3053 traditas
1135 2989 1308 3072 confugere

187 3090 343 3173 cogimur,
377 3109 460 3171 quae
487 3088 617 3152 fontem
647 3088 734 3153 unde
762 3088 899 3154 dialecti
922 3091 1145 3175 cognitionem
1167 3089 1312 3168 lauriae,
1409 3167 1410 3180 ἦ

188 3190 335 3254 efficiunt
357 3190 559 3255 uberrimum
582 3196 682 3274 atque
706 3193 877 3278 optimum.
921 3191 973 3255 Ao
1001 3191 1163 3277 profecto!
1195 3191 1314 3253 harum

188 3293 283 3376 copia
305 3292 392 3355 forte
414 3292 641 3356 fortunatam
663 3294 761 3379 larga
784 3294 902 3374 affluit,
929 3299 968 3358 ut
991 3293 1031 3356 de
1054 3291 1194 3376 singulis
1218 3312 1313 3355 sono·

186 3417 259 3458 rum
282 3392 513 3458 affectionibus
531 3392 728 3480 Cypriorum
749 3397 893 3482 propriis
917 3417 955 3459 ac
976 3393 1162 3481 praecipuis
1187 3397 1314 3456 certum

187 3495 347 3560 iudicium
386 3495 495 3559 facere
534 3495 644 3562 liceat.
702 3499 890 3584 Hesychius
931 3497 1183 3582 (Diogenianus)
1225 3496 1314 3559 enim

188 3597 480 3683 grammaticorum
511 3604 660 3664 veterum
690 3603 844 3687 princeps
876 3601 1007 3687 glossas
1038 3598 1114 3684 plus
1145 3602 1312 3662 trecentas

189 3702 368 3779 enumerat,
401 3721 540 3783 quarum
572 3702 656 3767 alias
680 3725 697 3771 e
721 3703 872 3768 dialectis
895 3703 1038 3768 maxime
1062 3698 1257 3788 Cypriorum
1280 3705 1313 3764 et

188 3829 393 3880 ,μᾷ

257 3941 280 4003 1)
300 3941 549 3988 Commentationcm
577 3941 723 4006 Gomperzii
749 3943 809 3992 Act.
836 3943 917 3992 Acad.
942 3945 1057 3993 Vindob.
1091 3947 1127 3991 17.
1153 3943 1234 4004 Juni,
1262 3959 1314 4005 qua

189 4025 303 4087 comperi
327 4040 385 4074 eum
407 4027 523 4074 tabulam
545 4028 657 4076 Idaliam
676 4029 740 4076 duce
757 4028 895 4076 Brundisio
914 4037 1045 4089 tractasse,
1069 4028 1181 4076 nancisci
1199 4031 1314 4078 nondum

188 4110 272 4172 potui.
