2862 4668
653 329 865 392 ..46-

201 500 532 585 interpretamentum
554 497 785 574 κατακόπτειν,
809 519 848 562 ex
874 496 952 560 Hes.
971 504 1089 580 κείρει·
1113 501 1233 577 τέμνει.
1260 503 1341 580 κέρ-

204 620 272 665 σαι·
296 599 401 687 κόψαι
425 603 571 684 apparet.
595 636 636 646 —

287 701 404 766 Eidem
426 700 531 765 radici
545 701 626 765 skar
643 701 720 764 Hes.
734 699 862 786 κάρον·
885 700 1008 786 μεγάλη
1032 695 1124 785 ἀκρίς
1147 699 1343 765 obnoxium

204 809 255 869 est
278 809 410 868 servato
434 826 455 868 α
476 804 646 888 primitivo
672 802 725 888 (cf.
743 802 821 866 Hes.
838 802 954 888 κάρνη·
979 805 1085 888 ζημία.
1110 798 1340 886 αὕτόκαρνος·

203 903 431 993 αὐνοζήμιος),
467 904 553 970 unde
592 907 692 970 etiam
723 901 926 990 ἇ-κορ-νοί
964 904 1016 990 (cf.
1049 909 1126 968 cret.
1161 899 1340 990 ἄ-χνρ-ον·

203 1004 331 1094 ἀκρίδα,
353 1007 487 1093 Helbig.
511 1007 646 1083 Quaest.
669 1031 700 1093 p.
727 1007 779 1092 14)
808 1011 842 1070 st
866 1003 1026 1092 ὀ-κορ-ναί
1044 1005 1250 1072 locustarum
1275 1031 1341 1071 no·

201 1111 291 1174 mina
322 1110 364 1174 ab
395 1109 563 1194 Hesychio
597 1107 724 1174 tradita
756 1109 958 1194 explicatum
993 1109 1125 1175 habent.
1178 1108 1339 1184 Quarum

202 1211 388 1298 glossarum
422 1211 529 1277 altera
560 1207 694 1298 ὀκορνοί
723 1210 766 1276 ad
798 1210 918 1276 Aesch.
950 1213 988 1275 fr.
1017 1214 1077 1276 251
1111 1216 1241 1297 spectat
1276 1213 1338 1295 (cf.

201 1315 283 1381 Lob.
311 1314 407 1378 Path.
434 1313 486 1377 El.
509 1314 540 1395 Ι,
569 1313 639 1398 84),
668 1312 809 1378 alteram
835 1319 970 1400 propter
997 1337 1018 1378 α
1045 1320 1122 1379 ante
1150 1341 1168 1376 κ
1196 1314 1337 1399 prothe-

200 1419 304 1482 ticum
331 1419 384 1495 (cf.
409 1438 497 1502 cypr.
526 1413 678 1503 ἀ-κοσιή·
707 1416 808 1502 κριθή
831 1417 919 1496 Hes,
943 1415 1026 1481 alibi
1043 1421 1163 1480 κασιαί
1181 1415 1339 1483 Lobeck.

201 1519 282 1586 ibid.
306 1519 361 1605 27)
393 1525 426 1584 et
452 1519 578 1585 vocalis
606 1520 872 1584 obscurationem
899 1517 941 1583 ad
969 1523 1118 1583 nostram
1149 1517 1338 1584 dialectum

200 1622 438 1692 revocaverim:
460 1621 559 1705 idque
577 1623 707 1706 potiore
729 1621 811 1686 mihi
832 1622 904 1686 iure
927 1622 1090 1706 suspicari
1108 1619 1233 1702 videor,
1259 1643 1336 1687 cum
1392 1667 1396 1678 ·

202 1727 302 1802 etiam
330 1725 470 1789 noviciis
501 1721 633 1810 Cypriis
662 1723 814 1810 σκᾶρ-νας
845 1717 969 1808 (,,εἶδος
998 1719 1131 1808 ἀκρίδας
1161 1731 1335 1809 πρασίνου

201 1827 383 1913 χρώματος,
412 1823 558 1911 ἀπτέρον
585 1829 640 1892 καὶ
665 1825 819 1909 μεγάλοις
848 1826 1024 1914 πηδήμασι
1047 1824 1228 1912 ιιηδώσηςιι
1252 1825 1332 1891 Sak.

203 1932 279 2013 385)
304 1935 436 1994 servato
460 1953 480 1994 α
504 1929 684 2014 originario
709 1927 753 2013 (v.
777 1921 1085 2014 ααρναά-σιρρπή)
1107 1926 1257 1992 indidem
1285 1929 1325 1992 dc-

201 2032 324 2098 flexum
346 2034 381 2096 in
402 2054 465 2097 usu
488 2032 640 2117 supersit.
687 2050 708 2096 σ
731 2035 841 2096 autem
863 2031 1022 2110 nativum,
1046 2029 1133 2114 qnod
1155 2031 1190 2093 in
1212 2029 1326 2118 lingua

200 2140 313 2212 ¹vetere
342 2136 404 2200 eici
430 2134 529 2216 solet,
558 2135 592 2198 in
620 2155 709 2219 cypr.
740 2133 909 2220 σκάρ-νος,
941 2135 1094 2197 fortassis
1128 2134 1230 2197 etiam
1257 2156 1329 2220 ngr.

203 2238 333 2325 σκόρ-ος
356 2239 484 2318 „tinea“
507 2237 551 2323 (v.
575 2234 648 2301 Gor.
667 2233 725 2300 Ἅι.
749 2237 808 2318 IV,
833 2236 886 2322 71)
915 2257 955 2300 ex
978 2236 1178 2320 antiquitate
1201 2256 1330 2300 reman-

201 2343 255 2407 sit.
307 2341 457 2425 Denique
494 2341 532 2404 cf.
566 2339 676 2406 alban.
711 2339 907 2423 καρκαλένσι
939 2337 1049 2422 (Stier.
1082 2339 1131 2401 Zt.
1163 2337 1232 2418 XI,
1266 2340 1329 2402 241

200 2467 253 2508 no.
280 2443 352 2529 166)
371 2444 511 2507 formam
525 2440 766 2526 reduplicatum
785 2470 826 2496 =
845 2441 1105 2528 *καρ-καρ-εισι,
1129 2461 1212 2524 quae
1232 2439 1330 2504 dissi·
1417 2523 1418 2532 ρ

201 2546 393 2610 mulationis
418 2566 535 2609 caussa
553 2545 588 2606 in
605 2543 740 2627 καρκαλ-
760 2541 910 2607 emollita
929 2548 992 2607 est:
1015 2544 1096 2607 item
1119 2564 1167 2607 ex.
1191 2565 1241 2629 gr.
1260 2549 1327 2607 vet.

200 2647 383 2735 μορμύρος·
411 2645 507 2728 ἰχθὺς
536 2644 721 2719 θαλάσσιος
752 2644 857 2731 (Hes)
895 2649 927 2709 et
962 2644 1130 2731 μορμύλος
1161 2667 1212 2731 ap.
1243 2643 1328 2732 Opp.
1416 2661 1418 2724 j

201 2750 277 2816 Har.
299 2749 326 2830 1,
352 2751 422 2814 roo.
465 2745 587 2811 Athen.
610 2747 688 2828 vn,
711 2749 773 2812 313
782 2754 818 2812 n.
842 2786 884 2794 -

156 2933 157 2936 Ἴ
286 2851 348 2916 His
371 2849 493 2938 glossis
515 2849 737 2934 Hesychianis
761 2851 960 2936 subiungam

1416 2783 1418 2842 l

1416 2845 1418 2918 l

285 2953 458 3040 κορδύλη
494 2958 741 3040 „tegumentum
778 2953 917 3038 capitis“
954 2973 1042 3038 cypr.
1078 2957 1164 3016 teste
1194 2952 1249 3016 Et.
1280 2954 1326 3018 M.
1416 2941 1418 3018 ἕ

202 3061 272 3138 310,
296 3059 349 3122 52:
372 3055 554 3143 ,,κορδύλην
577 3045 718 3142 Κύιιριοι
740 3057 870 3137 λέγουσι
892 3059 946 3120 καὶ
968 3053 1123 3142 ἕνείλημα
1144 3063 1203 3145 τῆς
1225 3079 1326 3140 κεφα-

171 3201 175 3204 -
201 3163 268 3248 λῆς,
292 3151 377 3244 ὅπερ
397 3156 562 3246 Ἀθηναῖοι
583 3159 644 3240 μὲν
667 3158 835 3244 κρωβύλον
858 3159 1003 3236 καλοῦσι,
1027 3164 1155 3245 Πέρσαι
1179 3159 1216 3224 δὲ
1237 3162 1326 3224 κίδα-

202 3270 285 3349 ριν“.
321 3260 414 3324 Idem
428 3261 533 3324 tradit
551 3259 642 3325 Suid.
663 3283 687 3323 s.
706 3259 867 3346 Νιδάριον
886 3265 919 3324 et
938 3260 1125 3337 Φακιόλιον,
1150 3261 1188 3324 cf.
1208 3261 1326 3326 Zonar.

201 3363 466 3449 Lex.-Aristoph.
488 3362 599 3428 Nubb.
617 3385 648 3426 v.
670 3365 709 3426 10
732 3362 832 3426 schol.
865 3362 1103 3447 Wyttenbach.
1124 3361 1166 3426 ad
1182 3362 1273 3428 Plut.
1290 3363 1328 3427 H

200 3495 231 3556 p.
255 3465 363 3535 3400.
408 3462 570 3530 Cohaeret
591 3465 627 3527 ni
648 3463 749 3530 fallor
772 3486 845 3529 oum
867 3465 1054 3552 κόρ-νμβος,
1084 3463 1171 3550 quod
1195 3471 1326 3530 constat

202 3570 317 3636 eadem
353 3591 418 3653 qua
454 3571 513 3632 att.
545 3562 710 3653 κρωβύλος
742 3568 911 3653 notione1)
948 3570 1118 3654 usurpari,
1151 3567 1222 3632 rad.
1255 3569 1324 3650 kar,

203 3697 232 3739 v.
257 3670 347 3737 Ourt.
371 3673 442 3737 480.
486 3670 580 3734 Fick.
605 3671 654 3734 34.
700 3670 794 3748 Quod
817 3671 958 3734 sirecte
981 3693 1015 3735 se
1038 3672 1148 3752 habet,
1171 3672 1247 3736 voci
1267 3670 1323 3756 Oy·

287 3931 308 3996 1)
327 3931 397 3992 Quid
414 3931 481 3980 inter
499 3937 634 3993 utramque
646 3945 735 3980 vocem
750 3930 858 3992 intersit,
877 3939 1051 3994 exposuerunt
1068 3931 1175 3980 Photius
1193 3947 1218 3994 p.
1242 3932 1321 3994 181,t

202 4025 228 4066 et
239 4017 327 4067 Schol.
346 4016 465 4080 Thucyd.
483 4016 505 4076 I,
525 4017 551 4066 6:
569 4006 719 4086 ,,κρωβῦλος
737 4009 854 4066 ἐπὶτῶν
871 4009 987 4090 ἀνδρῶν,
1005 4016 1059 4066 τοῖν
1078 4012 1108 4066 δὲ
1125 4018 1268 4082 γυναικῶν
1284 4007 1323 4068 κό-

200 4104 323 4174 ρνμβοςίι.
