2862 4668
657 329 869 394 ..43-

284 495 636 584 Ρ11111111118ρόδακα·
653 502 825 584 θρίδακα
835 505 883 574 Κ,
896 521 994 584 quam
1005 499 1151 586 glossam
1161 499 1331 566 Sehmidt.

164 643 169 651 -
199 598 234 662 in
255 596 377 662 Philol.
395 599 487 681 XIV,
507 601 567 666 206
591 602 768 688 genuinam
790 599 923 685 quidem
944 603 1096 687 putabat,
1118 603 1154 665 in
1174 602 1253 666 Hes.
1273 604 1332 668 ed.

199 705 311 768 tamen
324 703 416 766 nisus
430 705 621 768 testimonio
637 700 857 770 Ohoerobosoi
874 700 1030 789 (Cramer.
1044 702 1170 770 Aneod.
1184 704 1269 771 Oxx.
1279 707 1334 788 Π,

199 805 271 883 218,
295 805 348 884 22)
371 805 571 890 Byzantiam
593 810 720 870 oenset:
747 811 949 893 quapropter
971 806 1126 872 ethnioon
1148 807 1191 872 ad
1212 809 1334 896 θρόνα

199 905 350 992 glossam
368 910 468 994 paulo
490 914 567 995 post
590 913 781 993 sequentem
802 909 953 990 retrahit,
979 931 1078 994 quam
1100 911 1335 976 coniecturam

200 1016 333 1082 silentio
364 1014 490 1098 recepit
521 1009 736 1076 Sakellarios.
789 1010 867 1076 Jam
896 1011 982 1076 hano
1013 1010 1145 1096 quidem
1175 1012 1335 1099 glossam

199 1116 331 1206 Cypriis
354 1141 420 1183 non
441 1135 576 1202 prorsus
600 1113 742 1178 alienam
764 1115 867 1179 fuisse
889 1137 966 1179 mox
989 1112 1189 1180 videbimus:
1216 1138 1333 1202 neque

198 1227 309 1286 tamen
337 1241 454 1286 caussa
481 1215 577 1282 adest
607 1215 1160 1301 (11118ρόδακα1111ι1111111111111111.
1191 1219 1333 1304 θρὺδαξ

199 1326 294 1406 enim,
325 1323 415 1410 vulg.
447 1324 571 1407 θρίδαξ
603 1319 717 1404 (etiam
748 1321 872 1403 θίδραξ
900 1325 934 1383 et
959 1322 1135 1406 διδρακίνη
1161 1319 1267 1406 Hes),
1299 1324 1333 1386 si

199 1426 278 1512 quid
295 1425 402 1507 video,
422 1445 442 1488 a
459 1422 529 1488 rad.
544 1427 607 1502 tar,
625 1427 679 1486 tra
696 1425 918 1512 propagatum
934 1427 994 1502 est,
1011 1420 1097 1487 unde
1115 1426 1176 1488 sot.
1194 1427 1331 1504 tana-s,

198 1529 280 1594 slav.
303 1535 412 1594 tra-va
435 1523 637 1590 deseendunt
660 1523 703 1609 (v.
726 1523 820 1588 Fiok
844 1524 915 1590 366.
939 1526 1029 1609 578);
1053 1527 1197 1610 δρί-δαξ
1218 1527 1331 1612 igitur

197 1654 257 1717 pro
288 1631 453 1716 *τρι-δ-αξ
484 1628 721 1713 aspirationem
752 1647 769 1689 e
795 1625 924 1711 liquida
951 1633 1109 1711 sequente
1130 1629 1250 1710 traxit,
1286 1632 1329 1694 of.
1409 1649 1410 1656 ¹

196 1739 332 1817 θρίααξ
358 1735 453 1797 iuxta
478 1733 622 1814 τρί-ναξ;
650 1731 671 1794 <l
692 1733 804 1793 autem
832 1731 903 1814 exj
926 1730 1106 1814 parasitico
1130 1735 1241 1795 ortum
1265 1739 1327 1814 est,

198 1835 325 1920 quade
348 1833 521 1899 affectione
545 1832 628 1896 satis
655 1831 762 1898 habeo
790 1831 969 1897 contulisse
991 1835 1123 1908 πῖ-δ-αξ
1145 1854 1262 1898 vooem
1288 1835 1325 1899 de
1409 1883 1410 1886 η

198 1940 312 2024 stirpis
345 1939 437 2002 exitu
468 1957 507 2000 ao
538 1933 701 2000 inclinatu
732 1932 937 1998 simillimam
969 1931 1073 2019 (Ourt.
1107 1934 1192 2021 600).
1247 1936 1272 2001 J
1274 1960 1319 2002 an
1409 1979 1410 2012 ,

194 2063 272 2107 vero
304 2046 436 2106 tantum
467 2040 563 2104 abest
593 2041 631 2102 ut
662 2033 778 2122 Cyprii
805 2059 826 2101 o
851 2038 887 2102 in
913 2061 925 2100 ι
952 2035 1152 2118 emollirent,
1179 2042 1219 2103 ut
1246 2045 1322 2124 post

193 2145 383 2210 litterarum
409 2143 606 2220 iuncturam,
636 2141 688 2204 oui
715 2163 734 2223 ρ
764 2140 855 2220 insit,
882 2141 957 2203 ino
986 2139 1086 2204 solito
1109 2162 1200 2204 more
1224 2141 1324 2208 offus-

194 2252 314 2312 oarent.
360 2239 1144 2330 Of.0yrffl.vind0b.171saevaesaevae.
1182 2242 1258 2320 Qua
1283 2244 1323 2308 de
1409 2263 1410 2301 1

192 2349 358 2417 vooalium
380 2346 623 2434 permutatione
647 2346 686 2408 of.
710 2342 800 2430 vulg.
823 2349 947 2429 κρί-ν-(α
967 2348 1000 2408 et
1017 2343 1129 2430 κάρ-ας
1151 2352 1323 2432 „scopae“‚

192 2451 261 2518 rad.
291 2451 355 2516 kar
382 2448 487 2536 (Ourt.
511 2448 598 2530 148).
641 2452 735 2531 χρί-ια
763 2450 797 2510 et
820 2444 926 2531 χρυ-ά,
950 2445 1020 2510 rad.
1043 2446 1128 2532 ghar
1149 2447 1207 2533 (id.
1233 2449 1322 2534 192).

192 2553 319 2640 »ιρι-811
348 2557 382 2618 et
408 2552 467 2615 lat.
496 2547 679 2628 houd-eum,
710 2546 779 2612 rad.
808 2547 914 2634 ghard
942 2549 986 2635 (v.
1015 2549 1118 2634 Zeyss
1146 2550 1197 2614 Zt.
1223 2551 1322 2632 XJX,

194 2659 256 2721 183
283 2655 377 2740 squ).
426 2653 482 2720 Sic
510 2653 610 2716 etiam
638 2655 716 2735 post
742 2651 775 2715 λε
802 2651 896 2738 χλιδῇ
924 2656 958 2716 et
983 2651 1084 2738 χλόδη
1116 2652 1207 2736 (Hes.
1235 2652 1322 2721 Lob.

191 2759 306 2824 Rham.
337 2755 538 2844 31χλοδή),
570 2752 610 2817 de
642 2753 762 2837 quibus
794 2750 884 2818 Ourt.
913 2755 983 2820 602.
1016 2753 1125 2820 alban.
1157 2762 1254 2839 κραὸ*
1287 2763 1322 2821 et
1407 2751 1408 2760 ’

192 2869 295 2948 κροτᾱ
318 2859 449 2947 „pullus
473 2858 628 2937 asinius“,
652 2853 802 2920 Camard.
825 2856 852 2936 Ι,
875 2858 925 2919 47.
949 2894 990 2904 -
1407 2857 1408 2912 Ξ

276 2964 350 3028 Huo
374 2961 502 3028 aceedit
524 2959 568 3046 gl.
593 2958 746 3044 δόρκαι·
776 2961 954 3035 καρίδες,
983 2980 1081 3043 quam
1104 2957 1177 3022 ooll.
1201 2956 1321 3045 Oyrill.
1406 2965 1408 3052 J

193 3069 242 3132 39.
270 3071 337 3130 171.
361 3070 470 3152 δίρκαι
492 3068 526 3128 et
547 3063 689 3128 Pausan.
714 3059 803 3146 apud
824 3060 978 3126 Eustath.
995 3063 1066 3141 368,
1087 3061 1135 3126 10.
1163 3058 1238 3146 Gyr.
1256 3064 1320 3128 241

192 3173 299 3254 δίρκοι
321 3174 457 3255 propter
479 3165 609 3254 generis
633 3162 809 3249 enallagen
827 3187 893 3228 uon
908 3163 1024 3230 dubito
1043 3185 1116 3228 oum
1133 3161 1319 3230 Sohmidtio
1406 3153 1407 3178 ³

193 3268 325 3356 Cypriis
352 3270 533 3336 vindicare:
560 3265 692 3332 videtur
718 3270 829 3330 autem
855 3266 957 3330 simili
983 3266 1080 3332 modo
1104 3288 1167 3350 quo
1189 3271 1319 3343 καρίδες

192 3371 343 3455 „lendes,
374 3370 537 3458 pediouli“
568 3369 622 3452 (of.
650 3367 744 3432 Eust.
775 3367 938 3452 ,ζωῢφιόν
964 3393 996 3434 τι
1026 3369 1206 3452 μικροφαὲς
1234 3369 1318 3434 κατὰ

192 3471 310 3559 ἄτιμον
332 3473 432 3551 κόνιν,
464 3467 522 3556 ἀφ’
554 3457 592 3558 ἧς
624 3470 655 3534 οἱ
686 3473 825 3556 φθεῖρες
856 3474 1064 3553 γεννῶνταιίί)
1092 3493 1112 3534 a
1137 3469 1207 3536 rad.
1235 3471 1318 3538 knid
1404 3517 1406 3542 ,

191 3580 365 3661 „soabere“
389 3573 492 3662 (Onrt.
505 3573 592 3658 228),
615 3571 722 3637 arad.
741 3571 801 3638 dar
818 3572 1006 3654 „seindere“
1023 3573 1208 3658 provenire,
1230 3575 1316 3640 unde

192 3685 318 3767 δέρ-ω,
349 3679 399 3743 lit.
431 3677 518 3743 diriir
547 3679 591 3764 (v.
619 3671 709 3740 Ourt.
734 3677 804 3739 221.
848 3675 943 3739 Fiolr.
968 3676 1022 3762 88)
1054 3675 1168 3756 fluxit,
1203 3677 1316 3763 itaque

192 3785 394 3864 „soabentes,
420 3782 600 3846 vexantes“
631 3777 797 3843 denotare.
843 3775 1039 3843 Coniectura
1061 3779 1166 3864 igitur
1187 3803 1313 3846 κωνοει-

192 3888 246 3961 δές
267 3907 327 3971 pro
350 3887 487 3959 καρίδες,
511 3879 619 3967 qualis
637 3879 812 3965 Ducangio
832 3902 856 3944 e.
873 3879 974 3967 δόρκη
997 3882 1031 3944 in
1054 3885 1197 3945 mentem
1215 3884 1315 3962 venit,

191 3993 230 4053 ut
261 3988 363 4052 cassis
394 3985 618 4070 intellegatur,
640 4003 746 4067 neque
769 4004 850 4068 opus
874 3987 1052 4068 estusque
1083 3984 1154 4048 veri
1182 3985 1315 4050 11111111-

193 4088 265 4155 duit
287 4091 438 4176 speciem.
462 4123 502 4136 -
