2862 4668
667 295 879 358 ..64...

206 489 264 551 pro
287 470 393 546 μῦθος
416 467 449 528 in
475 463 710 529 consuetudine
729 465 833 537 ‘fuerit
861 465 974 545 (Hes),
1004 463 1118 549 glossa
1147 451 1365 530 certissime-

206 571 355 632 nostram
377 565 557 630 dialectum
578 589 644 631 non
665 566 785 650 tangit.
810 603 851 612 -

290 668 419 734 Deinde
442 667 557 752 Σόορ·
584 668 720 750 Τύρος,
745 665 832 751 quod
855 671 949 732 extra
967 669 1085 732 seriem
1100 668 1242 754 legitur,
1266 690 1337 734 oum

205 772 358 836 Palmero
387 771 508 856 corrigi
534 771 642 856 possit
669 769 735 855 Σόρ
767 774 866 854 atque
892 770 956 840 huc
981 770 1080 852 trahi,
1109 773 1148 834 of.
1176 771 1338 836 Thesaur.

207 895 232 938 s.
255 897 285 937 v.
314 873 413 957 „Tyri
442 873 534 937 urbis
563 893 682 937 nomen
704 871 927 953 vernaculam,
954 871 1169 958 quodetiam
1194 873 1285 957 Σοὺρ
1309 881 1342 936 et

206 975 279 1059 Σώρ
307 975 495 1040 scribitur“:
524 978 560 1037 at
586 979 698 1038 tamen
725 995 798 1041 cum
830 974 952 1039 codicis
976 976 1141 1061 scriptura
1165 977 1273 1039 nimis
1295 977 1341 1038 in-

208 1082 297 1141 certa
319 1077 373 1157 sit,
395 1077 480 1140 hanc
502 1077 658 1162 glossam,
686 1098 784 1160 quam
806 1075 1008 1142 Schmidtius
1036 1082 1134 1142 antea
1160 1078 1241 1162 Σώρ
1266 1079 1342 1140 scri-

206 1178 347 1246 bendam
369 1179 486 1259 voluit,
510 1179 545 1241 in
559 1178 636 1242 Hes.
661 1183 776 1242 contra
788 1177 990 1261 editionibus
1010 1179 1052 1243 ad
1070 1179 1195 1243 Ezech.
1212 1179 1340 1259 XXVI,

206 1287 234 1348 2.
259 1285 277 1346 3
300 1280 356 1349 'iiii
378 1282 488 1361 refert,
511 1281 646 1345 missam
665 1283 834 1345 faciamus.
868 1281 983 1365 Neque
1001 1283 1108 1367 magis
1132 1281 1177 1345 de
1200 1281 1341 1348 Θόανα

205 1386 336 1450 nomine
358 1385 450 1448 urbis
475 1380 714 1469 Cappadociae,
738 1382 861 1468 quade
880 1382 994 1469 Steph.
1013 1383 1093 1468 Byz.
1118 1386 1185 1449 sub
1211 1383 1339 1448 Τύανατ
1385 1465 1386 1480 ¹

207 1485 390 1565 ,juranno
423 1487 460 1552 δὲ
487 1485 601 1551 Θόανα
632 1489 687 1550 καὶ
717 1485 799 1550 κατὰ
830 1486 1183 1572 παραγραμματισμὸα
1217 1485 1338 1559 Τύανα,
1385 1487 1386 1506 ’

205 1585 248 1664 ,ὡς
273 1586 457 1675 ueniant&
482 1587 617 1673 (Peripl.
639 1588 676 1652 P.
699 1586 782 1652 Eux.
807 1609 832 1650 c.
857 1589 900 1673 6),
930 1590 1051 1652 certius
1079 1588 1160 1672 quid
1194 1587 1265 1651 dici
1286 1609 1338 1672 po·

204 1694 272 1754 test
294 1713 373 1754 num
395 1688 553 1776 Cyprium
575 1691 676 1754 fuerit
698 1712 758 1776 pro
785 1689 909 1755 Τύαναε
933 1689 973 1754 de
992 1693 1256 1756 consonantium
1275 1689 1339 1774 qui·

206 1794 280 1858 dem
302 1793 545 1879 permutatione
564 1813 581 1856 e
599 1796 715 1856 nostra
730 1791 883 1874 dialect,
907 1815 1006 1878 quam
1028 1793 1070 1856 ad
1094 1795 1337 1880 aspirationem

137 1969 141 1977 ,
204 1919 271 1961 non
294 1895 375 1959 adeo
398 1915 596 1980 propensam
624 1895 727 1958 fuisse
755 1896 842 1959 infra
864 1895 1060 1977 videbimus,
1086 1918 1231 1982 prorsus
1255 1892 1335 1958 nihil

206 2003 346 2063 constat.
369 2037 410 2064 .-

289 2099 418 2164 Deinde
450 2079 679 2185 αὐορόγχαιι
712 2101 938 2181 βλαπτικοί
962 2123 1021 2186 pro
1050 2087 1247 2187 συο-ρύγχαι
1271 2097 1334 2182 qui·

207 2204 281 2268 dem
299 2209 413 2289 aperte
433 2201 562 2281 dicitru,
587 2203 679 2265 ouius
698 2223 720 2268 u
738 2202 774 2264 in
795 2223 863 2264 zac.
888 2202 1004 2287 ῥούκχο
1021 2203 1192 2288 (pronunt.
1212 2198 1333 2278 bukko]

204 2336 247 2362 =
262 2307 375 2393 ῥύγχος
392 2305 508 2369 habes:
532 2307 774 2368 verumtamen
798 2323 870 2369 cum
890 2305 978 2390 apud
994 2304 1133 2391 Cyprios
1158 2326 1182 2370 σ
1204 2300 1331 2368 initiale

58 2430 61 2439 ¹
183 2411 239 2472 in
262 2410 416 2494 spiritum
438 2427 590 2492 asperum
614 2406 882 2471 constantissime
909 2407 1053 2473 emolliri
1076 2408 1196 2489 soleat,
1230 2407 1330 2470 forma

206 2531 279 2576 ovo·
301 2533 360 2596 pro
383 2505 421 2573 iro
445 2508 686 2573 dubitationem
710 2509 835 2571 excitat
856 2509 945 2574 haud
967 2509 1086 2575 levem:
1115 2516 1209 2576 errat
1231 2510 1328 2595 igitur

205 2612 408 2686 Schmidtius
431 2611 579 2698 glossam
598 2607 729 2694 Cypriis
754 2611 939 2696 cusignana,
961 2615 1157 2698 praesertim
1184 2635 1260 2678 cum
1282 2609 1327 2672 lit·

204 2724 351 2781 terarum
377 2739 396 2778 v
425 2718 458 2778 et
489 2737 505 2776 o
532 2712 786 2798 permutationis
815 2715 969 2800 vestigia,
1001 2716 1087 2800 quod
1118 2739 1198 2782 mox
1228 2716 1323 2779 osten·

206 2819 329 2899 demus,
352 2841 392 2882 ne
417 2819 459 2883 ab
483 2816 559 2880 aliis
583 2814 715 2900 quidem
738 2815 890 2880 dialectis
905 2819 1038 2902 penitus
1062 2819 1274 2884 abhorreant.
1288 2845 1322 2857 a

220 2979 238 2990 -
290 2923 387 2986 Nunc
406 2924 524 2986 ¹restat
554 2923 593 2982 ut
611 2920 726 2984 ,verba
757 2919 919 2984 faciamus
950 2919 990 2984 de
1017 2921 1138 3006 glossis
1161 2911 1318 2985 nonnullis

204 3025 292 3106 Hes,
321 3047 402 3108 quas
425 3021 628 3089 Schmidtius
655 3025 789 3085 nostrae
817 3021 960 3086 dialecto
987 3023 1202 3108 imputandas
1226 3014 1317 3100 magis

204 3129 354 3191 minusve
388 3126 581 3192 dubitanter
608 3124 806 3208 suspicatur,
837 3122 876 3188 de
905 3127 1024 3208 quibus
1056 3130 1168 3189 tamen
1197 3133 1311 3212 prorsus

206 3229 305 3293 aliter
327 3228 539 3293 iudicandum
566 3248 638 3290 esse
667 3227 938 3309 insequentibus
967 3249 1092 3292 summa
1115 3249 1177 3313 ope
1202 3214 1308 3290 conabl·

206 3354 279 3396 mur
301 3353 360 3416 pro
383 3331 505 3394 virium
527 3333 717 3394 nostrarum
739 3329 904 3392 tenuitate
928 3328 1162 3396 demonstrare.
1198 3315 1308 3408 nepti·

205 3457 294 3498 mum
324 3431 456 3517 quidem
483 3428 659 3513 ἀγκάλαι·
690 3427 864 3512 ἀγκῶνας
892 3430 975 3516 (cod.
994 3429 1147 3514 ἀγκόνες,
1177 3455 1235 3498 em.
1256 3415 1312 3489 Sal·

204 3536 299 3622 mas.)
330 3558 396 3600 non
425 3556 497 3599 cum
526 3533 615 3620 vulg.
644 3529 776 3616 ἇγκύλαι
805 3534 880 3614 coit,
911 3534 998 3619 quod
1025 3534 1067 3599 ad
1090 3533 1311 3622 expositionem

205 3636 434 3721 draconario.
459 3638 572 3718 cubiti,
599 3636 699 3702 ulnae
721 3637 830 3701 minus
854 3635 995 3720 quadrat
1018 3639 1071 3722 (cf.
1094 3637 1171 3703 Hes.
1196 3628 1311 3717 ἀγκύλη·

203 3738 223 3829 ἡ
246 3739 361 3827 καμπὴ
388 3748 445 3827 τῆς
472 3736 638 3825 ἀγκῶνος),
667 3738 725 3816 sed
752 3741 863 3824 potius
894 3739 1019 3804 aeolico
1041 3762 1131 3805 more
1153 3763 1211 3827 pro
1234 3723 1308 3813 byssi·

202 3847 257 3910 λαι
281 3844 411 3924 dicitur,
434 3864 575 3927 quocum
598 3844 637 3906 cf.
661 3841 743 3906 aeol.
767 3834 888 3922 ὅμολος
911 3873 951 3897 =
975 3837 1107 3924 ὁμαλός.
1133 3841 1307 3909 απόλαςς

206 3947 344 4020 σταλείς.
369 3943 483 4026 ὅλοχος
506 3974 548 4000 =
571 3939 698 4026 ἄλοχος,
722 3943 764 4007 al.
786 3942 867 4008 Ahr.
892 3947 931 4008 76
955 3967 1001 4030 sq.
1025 3984 1066 3992 —-

288 4047 417 4111 Deinde
443 4071 502 4133 pro
524 4047 654 4131 Paphia
676 4045 879 4111 Schmidtius
910 4045 971 4130 (ed.
995 4049 1085 4130 mim)
1098 4043 1253 4144 §venditat
1271 4027 1306 4116 gl·

295 4637 296 4640 ,
537 4637 540 4640 ,
663 4588 665 4598 ¹
1212 4611 1331 4644 ἈΛ-*μ’
