2862 4668
582 719 679 822 Π.)
707 719 771 798 0.

540 960 611 1039 §a
645 965 812 1046 OproA.

201 1133 226 1189 Α
254 1127 470 1212 originarium
498 1149 570 1193 cum
597 1129 712 1194 littera
740 1131 858 1195 canina
881 1130 1091 1194 coniunctum
1112 1127 1147 1191 in
1170 1124 1237 1188 dia-

112 1229 210 1293 lectis
226 1228 359 1309 Lesbia,
383 1229 584 1312 Thessalica,
602 1231 776 1314 Arcadica,
795 1234 896 1298 etiam
913 1231 1036 1296 Dorica
1053 1231 1088 1293 in
1107 1254 1125 1294 ο
1141 1227 1237 1293 offus-

112 1336 217 1411 catur,
244 1332 283 1394 of.
307 1330 388 1398 lesb.
422 1333 570 1416 στρότος,
594 1335 777 1421 οτρόταγοι,
801 1333 989 1420 ἔφδορδαις
1016 1331 1094 1396 Hes
1118 1329 1236 1412 δόμορ-

110 1454 177 1508 τις·
200 1432 277 1520 γονή
300 1463 343 1489 =
365 1433 484 1521 δάμαρ.
508 1436 731 1522 μαρνάμενος·
754 1437 941 1519 μαχόμενος
958 1466 1000 1492 =
1017 1432 1236 1528 μαρνάμενος,

112 1558 198 1620 quae
226 1535 358 1621 glossae
385 1535 548 1604 Aeolibus
577 1541 647 1604 sine
675 1541 884 1605 cunctatione
913 1536 1126 1623 imputandas
1150 1537 1236 1613 sunt,

111 1638 249 1702 thessal.
281 1638 426 1726 κόρνοψ,
466 1641 548 1706 aeol.
580 1641 719 1731 πόρνοιμ
749 1672 792 1698 =
822 1640 912 1726 vulg.
944 1639 1095 1727 πάρνοψ.
1128 1634 1237 1702 arcad.

110 1739 288 1825 ἑφθορκώς
317 1743 363 1826 (v.
394 1739 476 1808 Ahr.
507 1743 534 1824 I,
566 1747 607 1809 76
630 1767 677 1830 sq.
710 1747 780 1834 220.
820 1744 864 1823 H,
898 1745 967 1807 1‘20.
1000 1743 1071 1805 582.
1123 1737 1237 1804 Wald.
1264 1825 1267 1832 γ

110 1841 283 1908 Additam.
310 1867 341 1930 p.
366 1848 414 1910 16.
460 1843 591 1912 Gelbke
618 1847 712 1913 Stud.
739 1848 788 1928 H,
818 1850 865 1911 15.
910 1843 1049 1908 Meister
1076 1841 1156 1908 ibid.
1178 1841 1237 1920 IV,

112 1948 176 2010 373
200 1947 262 2030 sq.)
305 1946 432 2012 Eadem
458 1948 540 2014 haec
572 1952 761 2016 obscuratio
789 1954 848 2014 aut
869 1945 1086 2034 praecedente
1109 1949 1168 2010 aut
1190 1965 1238 2008 se·

115 2052 235 2130 quente
257 2073 276 2133 ρ
299 2046 441 2134 Cypriis,
464 2052 615 2136 inprimis
633 2053 770 2138 Paphiis
788 2052 915 2115 intimis
933 2047 1102 2114 Arcadum
1120 2067 1237 2132 cogna-

117 2149 162 2212 tis
180 2150 214 2212 in
230 2151 465 2217 consuetudine
483 2155 563 2218 fuit:
587 2156 705 2239 quibus
721 2153 799 2218 Hes.
816 2151 986 2218 adscribit«

203 2247 513 2338 admiraretur·
546 2255 881 2339 ἐπιστρέφεσθαι.
912 2261 952 2320 Π.
978 2252 1061 2337 (cod.
1086 2249 1235 2334 ἐπάφιοι,

115 2376 176 2418 em.
199 2353 361 2440 Salmas).
399 2357 601 2423 Schmidtius
621 2356 851 2423 conferendum
874 2358 967 2423 iubet
984 2356 1062 2420 Hes.
1085 2351 1237 2438 ἐπιτράο-

114 2476 199 2521 σειν·
214 2457 395 2540 ἐπίμεινον.
411 2459 578 2537 Λάκωνες,
592 2459 679 2544 quod
692 2482 765 2526 cum
777 2459 862 2524 hanc
874 2459 1021 2546 glossam
1031 2456 1238 2542 corruptissi-

114 2581 201 2623 mam
216 2565 379 2646 aptaeque
394 2564 578 2627 sententiae
598 2567 765 2648 expertem
779 2584 851 2626 esse
864 2563 970 2650 primo
985 2562 1099 2626 statim
1118 2561 1238 2624 obtutu

113 2667 284 2747 appareat,
299 2663 434 2728 concedi
448 2664 540 2730 nullo
557 2664 654 2730 modo
666 2670 786 2751 potest.
816 2665 933 2730 Potius
944 2653 991 2730 εὖ·
1000 2662 1209 2750 τρόσαεαθαι
1219 2683 1239 2724 a

52 2801 56 2808 ·
113 2764 205 2850 vulg.
228 2765 395 2849 ταράσσον,
420 2772 479 2831 att.
498 2766 640 2852 θράσσοι
659 2773 878 2854 propagatum
902 2767 982 2830 mihi
1000 2764 1141 2843 videtur,
1165 2762 1238 2828 coll.

113 2865 203 2930 Plut.
226 2865 321 2930 Arat.
346 2890 371 2931 c.
396 2871 436 2933 10
459 2865 669 2954 εὐτάρακτος
692 2893 765 2954 opp.
781 2869 859 2934 Hes.
883 2864 1076 2952 ά-θρακτος·
1100 2862 1238 2950 ἀτάρακ-

113 2992 179 3041 τος.
225 2967 321 3044 Quod
351 2992 421 3036 voc.
453 2970 721 3056 ἐπιστρέφεσθαι
752 2975 828 3056 apte
860 2970 1057 3055 explicatur,
1090 2969 1129 3032 cf.
1160 2969 1238 3032 Hes.

113 3069 377 3156 ἐπιστρέφομαι·
408 3075 594 3154 πλανῶμαι.
627 3075 790 3157 φροντίδα
821 3080 990 3154 ποιοῦμαι.
1043 3073 1093 3136 De
1124 3097 1142 3136 τ
1175 3071 1239 3157 pri-

112 3174 233 3253 mario,
262 3174 348 3259 quod
380 3197 613 3261 saepenumero
641 3171 756 3259 Cyprii
782 3177 989 3240 retinuerunt
1021 3173 1104 3260 (rad.
1132 3173 1239 3260 τραχ),

112 3273 180 3339 vid.
200 3276 295 3340 infra.
330 3277 415 3342 Item
443 3277 553 3342 alban.
577 3276 706 3361 τραζόιγ
729 3278 962 3362 „perturbare“
981 3277 1065 3364 (ngr.
1086 3276 1238 3362 ταράξω),

112 3375 200 3440 unde
225 3381 342 3462 τραζίμ
365 3379 575 3460 „tumultus“.
599 3418 640 3425 -
664 3375 815 3442 Ceterum
838 3376 972 3443 Curtius
990 3377 1101 3464 Etym.
1125 3379 1173 3444 ed.
1188 3378 1239 3442 IV

115 3500 146 3561 p.
163 3479 225 3543 462
249 3479 396 3565 glossam
422 3488 572 3548 nostram
599 3503 671 3545 cum
694 3479 752 3544 lat.
775 3485 922 3566 torqueo,
949 3504 997 3567 gr.
1019 3489 1130 3567 τρέπω
1155 3480 1237 3568 (rad.

9 3611 15 3622 ·
115 3577 200 3660 trak,
224 3582 263 3644 of.
286 3606 357 3670 ngr.
380 3584 513 3670 τράκ-ος
534 3585 661 3664 „funis“
682 3582 776 3647 Pass.
798 3584 845 3663 14,
864 3582 897 3666 8)
922 3583 1095 3648 cohaerere
1118 3589 1238 3664 censet,

113 3682 269 3748 similiter
291 3683 455 3751 Sakellar.
479 3709 503 3751 s.
527 3709 557 3750 v.
582 3724 622 3734 -

197 3785 335 3871 κόρζα·
359 3791 516 3874 καρδία.
541 3794 583 3855 Π.

198 3885 277 3954 cod.
300 3892 422 3975 κορζια,
447 3889 535 3974 quod
557 3911 631 3954 oum
653 3885 794 3976 Cyprios
819 3891 852 3956 δι
878 3888 932 3954 vel
950 3891 980 3976 ej
999 3890 1034 3954 in
1055 3892 1073 3966 ζ
1091 3893 1238 3956 mutasse

107 3989 227 4056 multis
260 3991 425 4078 analogiis
458 3995 671 4078 coarguatur,
703 4013 776 4056 cum
807 3989 846 4056 G.
873 3990 1024 4058 Dindorf.
1056 3991 1238 4074 Thes'IV,
1366 4027 1369 4035 «

108 4092 219 4158 96213
257 4093 488 4182 corrigendum
528 4097 580 4159 est
614 4093 723 4179 κόρζ.
776 4093 968 4181 Respondet
1003 4098 1114 4160 autem
1147 4093 1238 4182 vulg.
