2862 4668
573 389 783 456 ...17'...

113 573 248 644 σεσθαι,
270 569 474 651 τερέβινθος,
499 562 658 649 στεροπή,
688 563 727 627 de
751 565 871 648 quibus
895 563 960 629 vid.
984 566 1080 628 infra.
1123 565 1242 649 Itaque

114 693 174 735 eur
196 657 405 752 ἀβα-ριστᾶν
433 687 493 751 pro
517 661 689 751 ἆβρνστάν,
721 664 870 749 alioquin
892 687 971 733 vero
993 674 1143 752 βροῦκας,
1174 675 1242 755 βρι-
1319 702 1321 708 ·

115 774 226 855 μάζα,
244 765 409 854 1αἰβρεμής
441 772 516 831 cett.
550 765 728 848 dixissent,
762 768 820 831 vix
855 774 943 833 esset
973 770 1243 856 intellegendum.

115 875 294 938 Praeterea
307 869 420 956 glossa
436 865 556 954 ἄβλαξ·
574 868 737 953 λαμπρός.
769 869 811 932 Κ.
830 872 1042 936 manifestum
1055 873 1093 936 fit
1103 871 1244 959 Cyprios

118 999 177 1062 pro
209 971 310 1060 ἁβρός
340 974 447 1036 forma
478 970 628 1036 emollita
657 967 763 1054 ἅβλαξ
789 993 861 1036 esse
891 994 978 1038 usos.
1023 975 1245 1050 Quamobrem

117 1077 209 1142 aliud
239 1075 440 1142 vocabulum
470 1073 568 1152 latet3
600 1077 634 1137 et
664 1071 867 1138 Schmidtius
899 1075 1031 1159 quidem
1064 1077 1137 1141 coll.
1166 1079 1244 1142 Hes.

116 1186 302 1266 σαβαρίχην
325 1175 516 1261 (Teleclidis
539 1176 578 1238 fr.
600 1175 663 1238 inc.
685 1174 771 1238 XXI
793 1176 858 1240 vol.
880 1176 925 1239 H.
948 1201 978 1263 p.
1002 1181 1064 1242 377
1087 1179 1244 1263 Meinelr.)

117 1281 244 1346 adhoc
266 1281 376 1366 ipsum
398 1278 606 1357 vocabulum,
636 1275 722 1362 quod
749 1277 938 1362 pudendum
960 1279 1121 1346 muliebre
1145 1284 1245 1368 signi-

41 1390 44 1393 ’
116 1373 212 1463 licat,
245 1381 392 1468 glossam
422 1382 543 1445 referre
573 1378 719 1444 videtur:
757 1401 841 1463 quae
872 1383 1015 1466 suspicio
1039 1388 1133 1468 ,apta
1164 1384 1246 1448 mihi

118 1484 252 1570 quidem
275 1484 440 1548 sententia
464 1487 563 1546 caret.

204 1587 322 1651 Potius
351 1587 380 1650 si
408 1583 487 1670 quid
512 1585 583 1649 veri
609 1583 706 1649 video
729 1581 908 1668 respondet
935 1589 994 1648 att.
1019 1581 1143 1672 ἄδηρνς,
1166 1587 1245 1652 Hes.

46 1735 49 1740 ·
118 1687 277 1768 ἀδαριξία
287 1687 425 1772 (emend.
437 1688 534 1752 Voss.
545 1685 765 1765 -Sohmidu
785 1684 853 1749 cod.
869 1681 1041 1771 ἇδαρέξα)·
1059 1687 1187 1776 εἰρήνηε
1205 1689 1245 1753 de

118 1793 353 1857 terminatione
374 1791 412 1854 cf.
428 1787 603 1876 ἀσπισνης,
621 1787 839 1875 πολεμιστής
864 1787 903 1850 de
923 1792 1049 1854 dmore
1068 1791 1192 1856 aeolico
1211 1793 1247 1855 in

118 1903 140 1980 β
170 1898 300 1958 mutato
330 1891 396 1957 vid.
425 1892 521 1955 infra.
564 1891 637 1955 Hoc
658 1890 857 1957 vocabulum
887 1889 926 1954 de
949 1891 1179 1956 imbecillitate
1202 1895 1247 1958 fe-

121 1997 230 2059 minea
253 1993 479 2080 accipiendum
496 1993 628 2078 proprie
646 1991 817 2056 mulierem
833 1993 1043 2057 contentione
1062 1994 1116 2059 vel
1133 2018 1246 2080 pugna

124 2102 299 2176 carentem,
313 2095 537 2181 metaphorice
546 2094 718 2158 mulierem
727 2093 809 2160 belli
818 2097 1025 2179 inexpertam
1035 2097 1088 2178 (cf.
1097 2096 1193 2161 Hom.
1204 2098 1246 2180 H,

125 2201 199 2281 236)
228 2203 261 2262 et
289 2197 456 2264 imbellem
485 2195 636 2260 denotat:
669 2216 809 2280 quocum
834 2197 1166 2281 interpretamentum
1196 2223 1247 2281 γν-

121 2302 346 2387 ναικιζαμὲνην
374 2300 437 2364 hoc
468 2305 519 2363 est
548 2291 771 2362 effeminatam
792 2298 962 2382 praeclare
986 2301 1148 2363 convenit.
1192 2301 1248 2365 Ad

119 2401 203 2466 haee
218 2402 257 2464 cf.
275 2401 354 2464 Hes.
378 2396 537 2488 drippione
553 2399 636 2485 (eod.
660 2396 836 2486 ἀδηρηνην,
860 2421 920 2463 em.
940 2399 1060 2481 Voss.)'
1083 2399 1143 2487 τὴν
1167 2398 1249 2468 ἀπό-

117 2505 221 2585 λεμον
246 2505 313 2587 (καὶ
336 2499 545 2590 ἀπόρθητον)
569 2503 735 2567 sententia
762 2507 850 2566 certe
878 2502 989 2566 activa
1013 2501 1152 2584 dictum,
1185 2527 1248 2588 quc

117 2607 263 2670 fortasse
285 2609 436 2670 nostrum
459 2603 643 2689 ἀβαρισνάν
670 2605 806 2690 propius
834 2603 1041 2668 referendum
1068 2610 1128 2669 est.
1172 2605 1250 2670 Jam

120 2730 198 2772 vero
223 2707 330 2770 altera
351 2709 443 2771 notio
468 2703 598 2792 Cypriis
622 2705 798 2769 familiaris
822 2726 839 2768 e
861 2706 971 2790 priore
995 2712 1104 2770 ortum
1126 2707 1249 2774 habere

121 2809 265 2888 videtur,
288 2807 376 2892 quod
398 2807 490 2872 facili
512 2809 659 2894 profecto
682 2809 817 2894 negotio
840 2807 912 2871 fieri
934 2813 1055 2894 potest.
1074 2839 1139 2856 -1
1178 2879 1189 2898 ,Δ
1304 2821 1306 2824 ’

208 2905 347 2992 ἄνανα·
372 2911 546 2997 σαγήνην
568 2909 645 2992 Kl)

208 3010 291 3077 (lum
321 3011 444 3078 codicis
471 3013 655 3097 scripturae
682 3011 764 3076 fides
794 3011 911 3075 haberi
941 3010 1043 3074 liceat
1066 3011 1163 3094 (nihil
1184 3015 1251 3078 nisi

17 3129 18 3132 ’
122 3116 279 3201 spiritum
301 3137 452 3200 asperum
469 3137 529 3200 pro
547 3114 616 3178 leni
638 3112 908 3194 emendabimus),
936 3114 1066 3197 generis
1097 3115 1250 3202 enallage

121 3216 212 3303 apud
252 3214 392 3301 Cyprios
432 3217 701 3300 frequentissima
740 3213 950 3301 agnoscenda
989 3219 1055 3279 est:
1096 3215 1251 3282 dixerunt

121 3311 228 3401 ἅγανα
248 3320 269 3382 i.
288 3341 314 3383 e.
334 3318 458 3405 σάγηνα
476 3319 538 3382 ΙΠ.
562 3317 643 3382 decl.
668 3341 728 3403 pro
748 3316 900 3404 σαγήνην,
930 3317 1022 3381 cuius
1040 3319 1251 3404 metaplasmi

121 3421 298 3506 analogias
331 3422 482 3506 e-poetis
511 3425 659 3506 sumptas
688 3419 848 3484 Schmidt.
880 3421 930 3482 Zt.
953 3418 1013 3496 IX,
1044 3422 1106 3486 300
1138 3421 1251 3500 affert;

122 3524 164 3587 cf.
187 3522 351 3588 Lobeclrii
373 3522 642 3587 dissertationem
669 3521 708 3586 de
731 3521 949 3607 metaplasmo
974 3523 1194 3608 conscriptam
1216 3525 1252 3588 in

121 3624 293 3710 Paralipp.
315 3647 346 3710 p.
371 3627 432 3689 168
457 3647 526 3709 sqq.
537 3626 563 3707 ²)
608 3621 776 3688 Accentus
795 3629 914 3703 autem,
938 3623 973 3686 in
997 3647 1061 3708 quo
1084 3623 1251 3690 haesitare

123 3728 292 3815 quispiam
322 3729 487 3813 potuerit,
523 3725 648 3792 aeolico
687 3747 777 3790 more
808 3731 971 3790 retractus
1006 3732 1056 3790 est
1088 3727 1140 3808 (cf.
1172 3727 1251 3791 Hes.

251 3985 286 4035 K.
305 3984 438 4033 brevitatis
457 3999 548 4032 caussa
565 3998 612 4046 pro
631 3975 755 4056 Κύπριοι
773 3985 923 4032 scribamus.
941 4009 979 4018 —

212 3985 222 4021 1

211 3986 234 4135 ll
253 4070 295 4121 Cf.
314 4062 390 4119 taso
414 4069 466 4118 tab.
494 4068 561 4116 Idal.
583 4072 613 4118 ν,
641 4067 682 4118 21.
710 4084 795 4120 aecus.
821 4069 886 4129 sing.
912 4069 962 4118 111.
990 4069 1056 4118 decl.
1084 4066 1170 4128 (stuc.
1198 4070 1253 4120 VII

207 4155 242 4219 5).
670 4181 672 4185 -

122 4155 203 4218 pac
260 4179 299 4190 -

1031 4241 1046 4287 2
