2862 4668
38 4013 40 4066 ἱ

524 1383 805 1502 Puoorrnurr.
825 1491 829 1500 ,

461 1543 863 1716 1616861368.
930 1583 933 1588 ’

182 1750 238 1816 Ad
261 1749 506 1836 cognoscendas
528 1755 659 1816 veteres
683 1749 885 1816 Graecorum
909 1750 1070 1815 dialectos
1090 1757 1223 1816 constat

99 1856 248 1920 etitulis
279 1855 487 1938 cummisque
518 1855 700 1919 maximum
731 1859 766 1917 et
787 1854 1086 1939 locupletissimum
1109 1853 1225 1919 redun-

99 1957 178 2021 dare
211 1957 479 2020 emolumentum:
513 1978 530 2020 e
561 1980 624 2040 qno
654 1957 746 2022 fonte
770 1957 799 2020 si
822 1953 1020 2041 Cypriorum
1043 1955 1222 2020 dialectum

98 2058 296 2123 adumbrare
327 2059 362 2120 in
392 2060 501 2123 animo
533 2060 630 2124 nobis
654 2064 713 2140 est,
740 2058 839 2124 valde
863 2058 1040 2123 dolendum
1063 2064 1114 2122 est
1137 2058 1224 2143 quod

97 2179 266 2244 perpauca
296 2181 378 2243 quae
401 2159 544 2226 dialecto
567 2163 674 2226 veteri
697 2162 844 2245 aliquam
866 2160 1050 2224 utilitatem
1074 2161 1223 2242 afferant,

98 2261 227 2324 hauriri
257 2262 395 2346 possint.
448 2261 554 2327 Tituli
590 2262 722 2347 quidem
754 2261 901 2327 Graeci
933 2263 1077 2327 ambitus
1114 2265 1222 2350 magis

99 2363 250 2426 minusve
281 2364 384 2450 ampli
414 2365 449 2427 in
472 2362 582 2451 Cypro
613 2366 725 2430 insula
755 2365 919 2451 protracti
950 2369 1027 2428 sunt
1050 2370 1103 2430 sat
1125 2367 1223 2430 multi

101 2485 276 2549 eorumque
297 2467 332 2530 in
355 2465 426 2532 dies
450 2466 557 2532 adhuc
579 2469 738 2533 maiorem
755 2471 923 2553 repertum
941 2467 984 2531 iri
1003 2453 1133 2552 copiam
1150 2470 1222 2533 veri

99 2572 150 2630 est
181 2589 259 2632 sane
292 2592 390 2654 quam
422 2571 543 2634 simile:
576 2576 611 2634 at
641 2576 753 2635 tamen
784 2590 857 2634 cum
881 2569 923 2633 ad
945 2571 1130 2635 recentiora
1153 2572 1221 2636 fere

98 2691 209 2733 omnes
227 2670 495 2737 Ptolemaeorum
512 2677 663 2758 tempora
681 2676 832 2758 spectent
854 2677 888 2735 et
910 2694 1059 2737 sermone
1081 2674 1222 2757 plerum-

98 2793 159 2855 que
175 2775 340 2837 communi
355 2775 535 2860 conscripti
549 2777 626 2856 sint,
645 2774 687 2838 ad
703 2775 926 2865 cognitionem
945 2775 1067 2838 veteris
1087 2774 1223 2839 dialecti

49 2937 50 2963 ἶ
96 2874 186 2939 haud
218 2874 395 2940 admodum
426 2878 567 2942 multum
599 2873 727 2945 docent.
777 2876 869 2951 Quae
902 2880 1116 2940 monumenta
1145 2898 1221 2941 cum

48 2981 49 3019 ἴ
97 2976 273 3062 dispersim
295 2978 399 3042 variis
421 2979 503 3043 locis
525 2979 653 3066 publici
670 2979 755 3063 juris
778 2979 869 3041 faeta
892 2978 968 3057 sint,
1000 2977 1157 3042 hocloco
1184 2980 1220 3042 in

95 3101 197 3144 unum
216 3084 423 3164 comportare
441 3080 531 3146 haud
554 3082 699 3145 alienum
721 3079 862 3144 videtur.
898 3078 939 3142 In
960 3083 1116 3165 promptu
1138 3081 1221 3146 mihi
1304 3110 1316 3140 ι

97 3181 229 3264 quidem
253 3186 330 3246 sunt
352 3178 400 3245 hi:

85 3274 474 3370 'Titt.40001p.1nsor.
499 3283 555 3349 Gr.
579 3309 631 3350 no.
655 3284 876 3350 2613-2652.

95 3384 175 3449 Titt.
198 3390 235 3450 17
255 3409 275 3451 a
296 3386 425 3452 Ludov.
447 3386 569 3452 Rossio
592 3389 627 3451 in
657 3386 742 3452 Mus.
774 3384 923 3449 Rhenan.
957 3385 1127 3450 1850v01.
1150 3387 1218 3450 VH

246 3514 277 3574 p.
302 3490 363 3554 512
387 3512 456 3574 sqq.
502 3489 584 3553 editi
616 3490 689 3554 coll.
711 3487 887 3562 Archaeol.
919 3485 1081 3551 Aufstitze
1114 3487 1216 3573 (Lips.

248 3593 342 3675 1861)
361 3593 426 3657 vol.
444 3591 481 3655 Π
495 3616 525 3677 p.
538 3593 707 3656 618-632
720 3613 793 3655 cum
804 3588 1041 3654 additamentis
1051 3589 1093 3652 K.
1103 3588 1216 3670 Keilii,

247 3715 306 3756 nec
328 3717 395 3758 non
416 3695 470 3757 tit.
492 3683 622 3779 Argivo
645 3692 779 3777 ibidp.
804 3693 863 3756 661
885 3713 955 3775 sqq.
971 3729 1014 3738 -

90 3790 190 3858 Alios
214 3791 422 3859 Sakellarios
449 3795 498 3860 Τὰ
521 3795 705 3881 liconiensi,
728 3794 802 3876 τόμ.
822 3793 848 3856 Ι.
873 3791 1006 3877 (Athen.
1027 3794 1131 3875 1855),
1151 3816 1214 3877 quo

243 3898 411 3963 volumine
443 3899 652 3984 geographia.
678 3903 711 3961 et
741 3895 963 3982 topographia
990 3894 1119 3958 insulae
1143 3916 1216 3960 eon-

244 4001 381 4080 tinetur,
412 4001 516 4064 variis
547 4000 630 4065 locis
661 3999 738 4064 inde
771 4021 791 4062 a
821 4022 852 4084 p.
883 3997 1031 4059 46-209
1064 3995 1213 4083 collegit:

243 4101 402 4186 permulti
426 4123 498 4167 cum
520 4103 630 4167 titulis
652 4102 825 4168 Rossianis
850 4102 1043 4186 congruunt.
1066 4136 1107 4145 —

1012 4208 1025 4252 1
